2717 4325
454 475 652 540 LIBER
695 476 852 559 1‚15‚16.
1092 481 1133 547 15

303 649 471 728 captorum
481 645 618 707 lacrimia
627 647 754 708 humida
764 648 965 732 aupplicibna,

224 743 242 794 5
263 732 352 794 Nunc
364 750 433 811 ege,
443 732 603 791 nocturnis
613 738 757 811 potarum
770 734 872 794 rancia
882 735 969 814 rixis,

301 813 428 876 l’ulaata
438 813 574 893 indignis
584 818 965 895 acepeqncrcrmanibua‚
1016 883 1026 904 ·
1139 889 1141 896 Α

259 902 302 962 nt
312 901 387 960 mihi
398 917 460 959 ncn
471 897 585 959 dcaunt
594 906 703 980 turpea
713 899 854 980 pendere
866 901 1002 964 cerodae
1135 919 1141 984 3

301 985 432 1063 Semper
443 990 477 1043 et
487 982 604 1043 exclusi
615 985 703 1060 igna
712 985 816 1044 iacere
826 985 920 1046 facea.

193 1071 197 1077 '
257 1067 324 1129 Nec
333 1085 457 1148 pcaaum
466 1068 590 1126 iufamia
601 1065 743 1126 dominae
754 1066 925 1130 defendere
936 1075 1044 1131 noctes

205 1161 240 1215 10
299 1149 911 1213 Nobillaobaceniatradltacarminibus:

256 1236 322 1296 Nec
334 1242 438 1295 tamen
447 1233 501 1293 illa
512 1251 585 1293 auae
596 1241 758 1295 revocatur
769 1253 900 1314 parcere
911 1236 1021 1315 famae,

298 1319 437 1398 Turpior
449 1323 483 1376 et
492 1315 587 1376 saecli
597 1318 702 1378 vivere
712 1315 841 1380 luxuria.

258 1402 323 1462 llaa
334 1403 419 1462 inter
430 1401 573 1480 gravibus
584 1419 678 1479 cogor
690 1399 808 1461 deflere
821 1400 972 1481 querellia

300 1483 887 1566 Suppliciaalongiairiatiorexculaiia.

201 1580 235 1634 15
257 1569 314 1633 llle
324 1588 410 1630 meaa
421 1587 586 1648 numquam
595 1569 712 1648 patitur
723 1572 925 1648 requiescere
934 1576 1051 1651 postea,

297 1657 416 1735 Arguta
425 1653 569 1714 referens
582 1654 716 1713 carmina
729 1647 895 1714 blanditia:

255 1740 359 1800 ‘lanua
368 1737 420 1800 vel
432 1736 554 1797 domina
564 1738 690 1817 penitus
702 1737 861 1800 crudelior
871 1740 949 1820 ipra,

297 1821 378 1899 Quid
388 1822 464 1882 mihi
474 1827 538 1880 tam
548 1821 634 1882 duria
647 1820 751 1883 clauae
762 1829 847 1884 taccu
857 1822 1000 1885 foribus?

256 1906 319 1966 cur
330 1923 494 1984 numquam
504 1911 644 1964 reserata
656 1924 742 1965 meua
754 1907 890 1967 admittis
901 1925 1033 1985 amores,

201 1997 237 2049 Ἃ)
296 1989 407 2048 Neacia
416 1988 546 2048 furtivae
556 1987 693 2047 reddere
705 1996 787 2049 mota
796 1991 931 2069 preces?

255 2071 386 2132 Nullane
395 2071 468 2131 fluia
479 2072 542 2132 erit
551 2078 659 2131 nostro
671 2090 818 2132 conceaaa
829 2072 942 2150 dolori,

246 2172 250 2177 ’
297 2155 413 2216 'l'riatla
425 2164 458 2217 et
468 2158 502 2217 in
511 2154 619 2237 tepido
630 2154 738 2217 limine
749 2176 873 2218 aomnna
884 2157 968 2216 erit?

254 2242 309 2303 Me
319 2240 441 2301 mediae
452 2248 572 2320 nuclea,
584 2260 634 2301 me
643 2241 749 2301 aidera
759 2261 858 2322 prona
868 2243 1031 2319 iacentem,

292 2324 482 2405 Frigidaque
492 2326 559 2386 Eoo
571 2343 621 2385 me
632 2324 719 2385 dolet
730 2345 803 2386 aura
814 2325 895 2407 gelu.

199 2419 234 2472 25
255 2410 305 2470 Tu
316 2407 383 2469 sola
393 2410 542 2469 humanos
555 2428 719 2488 numquam
731 2412 875 2471 miserata
887 2408 1011 2471 delores

292 2493 476 2573 Responde
487 2494 590 2553 tacitia
600 2499 706 2553 mutua
717 2494 901 2557 cardinibus.

254 2578 280 2639 0
293 2579 409 2637 utinam
420 2579 552 2638 traiecta
563 2595 713 2637 cavamen
724 2578 832 2641 vocula
840 2580 919 2639 rima

291 2662 460 2721 Percuaaaa
470 2659 612 2722 deminae
622 2669 725 2722 vertat
735 2664 768 2721 in
780 2662 944 2723 auriculae!
1067 2699 1070 2705 ‚

253 2745 302 2806 sit
312 2746 388 2805 licet
398 2752 432 2805 et
443 2764 514 2805 saxo
525 2747 696 2825 patientior
707 2745 762 2806 illa
773 2746 895 2823 Sicano,
1027 2740 1029 2745 ’

193 2837 231 2892 50
293 2830 342 2891 Sit
350 2829 427 2890 licet
437 2837 471 2889 et
480 2830 567 2891 ferro
581 2830 688 2891 durior
700 2837 732 2891 e't
743 2830 883 2909 chalybe,

249 2912 319 2975 Nou
328 2922 432 2975 tamen
442 2913 498 2974 illa
508 2933 580 2975 auca
589 2916 708 2994 peterit
719 2933 919 2995 compescere
930 2912 1058 2994 ocellos,

292 3000 406 3077 Surget
416 3005 450 3059 et
459 2999 564 3059 invitia
575 3000 703 3077 spiritu
714 3000 746 3059 in
756 2998 898 3061 lacrimis.

248 3080 337 3143 Nunc
347 3084 430 3158 iacet
441 3080 570 3142 alterius
580 3080 668 3140 felici
678 3084 749 3140 nixa
758 3082 893 3143 lacerto:

289 3167 332 3226 At
341 3184 409 3225 mea
419 3171 572 3225 nocturno
583 3166 677 3224 verba
689 3164 802 3223 cadunt
811 3167 967 3244 Zephyre.

149 3266 153 3273 ’
195 3258 229 3312 35
251 3249 316 3311 Sed
325 3256 361 3309 tu
372 3246 440 3309 acla
450 3250 706 3326 mel,tumaxima
719 3266 808 3307 causa
819 3246 947 3325 doloris,

289 3334 380 3396 Victa
390 3335 469 3393 meia
479 3350 653 3410 numquam,
666 3332 767 3409 ianua,
779 3332 966 3395 muneribus.

250 3418 299 3479 'l'e
309 3438 371 3479 non
383 3416 449 3478 ulla
458 3433 546 3477 meae
557 3415 649 3475 laesit
657 3412 831 3495 petulantia
840 3416 973 3494 linguae,

290 3502 375 3579 Quae
387 3501 471 3563 aclet
481 3503 561 3561 irato
573 3500 679 3559 dicere
690 3506 756 3561 tota
764 3499 845 3580 loco,

114 3576 125 3593 ‘
249 3588 293 3649 Ut
303 3606 352 3648 me
365 3594 426 3646 tam
436 3585 529 3664 longa
539 3603 662 3648 rancum
672 3586 792 3663 patiare
804 3582 945 3664 querella

193 3679 230 3732 40
291 3670 448 3732 Sollicitas
459 3672 551 3731 trivio
562 3664 749 3749 pervigilare
760 3688 870 3729 morae.

249 3756 293 3816 At
302 3757 359 3816 tibi
370 3775 463 3837 caepe
474 3775 552 3816 noro
565 3754 678 3815 deduxi
689 3754 822 3813 earmina
832 3771 934 3832 vernn,
