2717 4325
454 453 648 540 claun
691 475 861 559 1,1‚2‚a.
1117 473 1140 542 a

264 650 364 710 Unica
376 666 435 708 nec
447 647 529 708 desit
539 646 679 708 iucundis
691 647 913 724 gratiavcrbis,

208 742 245 795 30
305 732 415 792 Omnia
432 749 572 812 quaeque
583 732 690 794 Venus
703 749 843 811 quaeque
854 729 997 792 Minerva
1013 732 1137 811 probat.

263 816 321 876 Hir
332 822 366 876 tu
377 834 501 895 semper
511 817 574 876 eris
585 821 711 875 nostrae
724 817 897 894 gratissima
905 815 999 894 vitae,

222 968 225 972 λ
304 899 424 964 'laedis
435 899 506 960 dum
516 901 649 960 miserae
660 901 724 958 sint
734 899 792 960 tibi
803 897 952 960 luxuriae.

551 1007 749 1020 *tta—n-

221 1031 246 1122 3
264 1031 373 1135 llualis
384 1067 510 1127 Thesea
519 1065 614 1126 iacuit
625 1063 758 1124 cedente
771 1066 874 1124 carius

303 1150 462 1229 Languida
473 1149 607 1209 desertis
618 1147 732 1208 Onosis
742 1147 897 1224 litoribus,

264 1233 371 1308 Qualis
383 1241 415 1293 et
426 1234 569 1293 accubuit
578 1232 679 1311 primo
692 1232 831 1311 Gepheis
842 1249 948 1294 somno

303 1316 418 1377 Libera
429 1318 490 1375 iam
501 1314 586 1375 duris
598 1317 718 1375 cotibus
731 1314 942 1394 Andromede,

224 1422 242 1460 o
264 1399 331 1459 Nec
341 1402 441 1459 minus
455 1399 585 1459 assiduis
594 1398 713 1459 Edonis
724 1400 807 1460 lassu
819 1399 943 1460 choreis

306 1483 412 1559 Qualis
422 1481 456 1543 in
466 1484 600 1544 herboso
612 1483 750 1544 concidit
759 1483 913 1563 Apidano,

264 1565 352 1627 'l'ulia
361 1568 426 1627 risa
435 1568 512 1627 mihi
522 1565 649 1629 mollem
659 1569 781 1647 spirare
793 1568 931 1646 quietem

304 1651 437 1730 Cynthia
448 1670 512 1711 non
521 1653 616 1712 certis
626 1653 698 1712 nixa
709 1661 800 1731 caput
809 1652 960 1727 manibus,

261 1735 358 1796 Ebria
369 1755 438 1795 cum
448 1734 545 1796 multo
556 1737 715 1796 traherem
726 1736 856 1814 vestigia
868 1735 989 1796 Brocho

211 1828 244 1880 10
304 1818 346 1878 Et
357 1825 522 1898 quaterent
532 1837 603 1880 sera
612 1825 705 1880 nocte
717 1819 818 1880 lacem
828 1821 928 1900 pueri.

263 1900 352 1960 Hanc
362 1919 432 1979 ego,
444 1902 581 1963 noudum
592 1904 685 1963 etiam
699 1921 808 1964 sensus
819 1902 1002 1984 deperditus
1017 1919 1134 1981 omues,
1195 1902 1202 1914 '

302 1982 446 2044 Molliter
456 1987 598 2065 inpresso
610 2004 706 2045 conor
717 1986 804 2047 adire
816 1995 902 2061 toro;

261 2069 305 2128 lit
316 2070 451 2147 quamvis
463 2067 579 2148 duplici
590 2077 769 2148 correptum
780 2068 892 2131 ardore
907 2072 1053 2132 iuberent

302 2152 370 2213 Hac
380 2153 477 2212 Amor
487 2153 545 2213 huc
555 2152 662 2230 Liber,
673 2151 768 2215 durus
779 2160 911 2232 uterque
923 2153 1010 2232 deus,

211 2246 241 2297 15
263 2236 411 2297 Subiecta
421 2235 534 2297 leriter
544 2240 677 2317 positam
688 2244 841 2318 temptare
851 2235 970 2298 lacerto

301 2318 476 2399 Osculaque
487 2321 609 2383 admota
618 2340 742 2381 sumere
754 2328 787 2381 et
800 2342 883 2382 arma
892 2340 994 2398 manu,

260 2400 289 2462 N
290 2423 330 2464 on
340 2410 444 2464 umen
455 2425 544 2465 ausus
555 2424 640 2466 erum
652 2404 794 2467 dominae
804 2408 931 2466 turbare
944 2406 1091 2485 quietem,

299 2488 456 2567 Expertae
468 2496 609 2549 metuens
620 2491 719 2567 iurgia
730 2491 886 2563 saevitiae,

261 2569 325 2630 Sed
336 2573 381 2631 sic
391 2572 520 2633 intentis
531 2574 698 2634 haerebam
708 2574 786 2633 fixus
797 2571 917 2651 ocellis,

205 2664 242 2715 20
302 2656 404 2733 Argus
415 2662 452 2715 ut
460 2658 574 2734 ignotis
587 2657 732 2717 cornibus
743 2656 914 2719 inachidos.

260 2740 303 2799 Et
313 2739 406 2799 modo
417 2739 572 2800 solvebam
583 2748 691 2801 nostra
702 2740 741 2801 de
753 2743 857 2801 fronte
869 2740 1000 2802 corollas

299 2823 518 2904 Ponebamque
530 2827 602 2903 tuis,
614 2825 758 2904 Cynthia,
776 2826 978 2905 temporibus,

258 2907 301 2966 Et
311 2906 582 2986 modo-gaudebam
593 2907 697 2990 lapsos
707 2910 843 2970 formare
855 2907 993 2990 capillos,

299 2990 387 3052 Nunc
397 2992 510 3053 furtiva
522 2996 603 3053 cavis
613 3014 705 3074 poma
715 2993 822 3053 dabam
834 2992 983 3069 manibus,

204 3081 238 3133 25
260 3074 431 3155 Omniaque
441 3078 564 3153 ingrato
574 3077 710 3153 largibar
720 3095 848 3135 munera
860 3094 978 3152 somno,

272 3220 278 3225 ,
299 3158 432 3217 Munera
444 3157 484 3218 de
494 3178 594 3239 prono
605 3176 700 3237 saepe
710 3157 815 3217 voluta
826 3161 912 3233 sinu;

257 3242 300 3301 Et
311 3242 453 3319 quotiens
463 3262 534 3303 raro
548 3240 633 3301 duxti
644 3242 778 3319 suspiria
788 3249 883 3318 motu,

300 3325 453 3407 Obstupui
462 3344 540 3385 vano
551 3323 696 3388 credulus
708 3326 855 3405 auspicio,

258 3409 305 3469 Ne
318 3428 377 3488 qua
388 3410 445 3469 tibi
454 3408 597 3470 insolitos
607 3415 772 3489 portarent
782 3410 846 3469 visa
857 3410 995 3488 timores,

171 3559 174 3564 ,
203 3502 240 3557 30
300 3493 385 3553 Neve
398 3494 465 3571 quis
476 3494 601 3553 invitam
612 3499 742 3571 cogeret
752 3511 822 3554 ese
834 3512 935 3553 suam:

257 3578 363 3637 Donec
375 3576 513 3637 diversas
523 3595 711 3656 percurrens
721 3577 796 3637 luna
805 3578 970 3655 fenestras,

297 3660 384 3721 Luna
393 3663 558 3723 moraturis
568 3661 676 3722 sedula
686 3661 864 3737 lmninibus,

259 3738 452 3827 Compositos
462 3745 582 3809 levibus
592 3744 688 3809 radiis
699 3744 849 3827 patefecit
860 3742 986 3863 ocellos.
