2717 4325
415 418 607 481 ulnus
647 418 894 499 1v,1o,11,12.
1089 420 1130 485 73

260 588 479 668 Nigrantisque
490 585 596 647 domos
608 586 776 647 annuarum
785 586 918 647 intrasse
929 586 1085 668 silentum,

303 672 446 735 Sirenum
457 669 550 731 surdo
562 670 679 749 remige
691 668 794 729 adisse
803 667 899 748 lacus,

207 760 240 819 35
261 756 303 837 Et
312 762 437 817 veteres
448 774 536 819 arcus
547 753 612 814 leto
625 772 790 814 renovasse
803 772 979 834 procorum,

300 840 489 920 Errorisqne
500 839 547 901 sui
559 840 604 899 sie
615 838 759 898 statuisse
770 835 902 898 modum.

259 924 324 985 Nee
337 926 463 1002 frustra,
476 924 547 1003 quia
557 928 641 983 easta
653 920 735 981 domi
744 919 931 999 persederat
941 940 1026 985 uuor.

299 1008 405 1071 Vincit
414 1006 590 1087 Penelopes
601 1004 693 1067 Aelia
704 1001 794 1065 Galla
802 1004 905 1065 iidem.

544 1110 753 1121 ......-----

187 1140 242 1235 12
260 1138 430 1252 Quaeritis,
441 1173 523 1233 uude
536 1172 632 1232 avidis
642 1191 703 1231 nox
714 1172 755 1231 sit
763 1171 902 1250 pretiosa
910 1168 1034 1249 puellis,
1075 1134 1128 1227 13

298 1258 341 1318 nt
351 1259 477 1320 Venere
489 1258 654 1317 exhaustae
666 1255 775 1315 damna
786 1259 956 1333 querantur
968 1271 1051 1333 opes.

260 1342 355 1404 Gesta
366 1339 491 1418 quidem
502 1340 596 1399 tantis
607 1358 697 1399 causa
708 1344 741 1397 et
751 1338 914 1397 manifesta
923 1338 1036 1397 ruinis:

298 1421 452 1483 Luxuriae
461 1424 587 1483 nimium
597 1419 699 1482 libera
708 1421 791 1481 faeta
801 1422 850 1483 via
861 1427 919 1482 est.
977 1431 980 1434 “

222 1515 238 1567 5
259 1506 335 1567 Iuda
347 1506 427 1567 cavis
439 1526 546 1566 aurum
555 1507 651 1565 mittit
660 1506 791 1566 formica
797 1503 947 1581 metallis,

298 1591 340 1653 nt
350 1592 435 1650 venit
447 1610 465 1650 e
476 1591 570 1650 rubro
582 1591 700 1650 coneha
709 1590 845 1668 Erycina
855 1587 930 1665 salo,

150 1729 155 1735 .
256 1674 298 1735 Et
310 1674 413 1752 Tyrus
425 1676 559 1734 ostrinos
569 1675 702 1753 praebet
712 1672 848 1733 cadmea
859 1670 991 1747 colores,

300 1756 470 1818 cinnamon
482 1764 515 1817 at
525 1756 615 1818 multi
625 1764 732 1838 pastor
744 1755 849 1816 odoris
860 1756 969 1816 Arabs.

144 1851 149 1863 ’
256 1840 343 1907 Haeo
355 1843 448 1900 etiam
459 1839 577 1901 clausas
589 1846 765 1921 expugnant
775 1859 859 1900 arma
868 1836 1006 1919 pudicas,

205 1932 238 1985 10
302 1924 450 2002 Quaeque
461 1929 573 2001 gerunt
583 1924 691 2000 fastus,
707 1923 843 2000 Icarioti,
854 1928 941 1981 tuos:

256 2006 401 2067 Matrona
412 2004 530 2066 incedit
541 2024 651 2066 eensu
662 2004 770 2065 induta
779 2009 927 2083 nepotum

297 2089 340 2150 Et
350 2088 451 2171 spolia
462 2090 622 2170 opprobrii
633 2093 740 2147 nostra
749 2105 808 2168 per
820 2106 876 2146 ora
884 2087 990 2147 trahit.

256 2171 349 2234 Nulla
360 2180 409 2235 est
418 2173 579 2255 poscendi,
590 2171 678 2232 nulla
690 2177 739 2231 est
749 2172 926 2231 reverentia
937 2169 1041 2249 dandi,

138 2319 141 2328 ,
298 2255 361 2317 Aut
374 2259 400 2318 si
413 2263 541 2338 quaest,
554 2258 658 2336 pretio
669 2253 791 2315 tollitur
805 2257 976 2336 ipsamora.

203 2347 236 2401 15
257 2337 348 2400 Felix
358 2342 433 2400 Eois
443 2340 495 2401 len
505 2342 625 2399 funeris
636 2359 697 2399 uua
707 2341 837 2416 maritis,

201 2493 205 2502 ‚
301 2423 384 2500 Quo
394 2424 516 2483 Aurora
527 2425 589 2482 suis
604 2425 698 2482 rubra
709 2421 827 2482 colorat
838 2424 935 2500 equis.

255 2505 394 2585 Namque
404 2507 457 2566 ubi
467 2507 629 2567 mortifero
643 2507 724 2565 iacta
735 2511 783 2565 est
793 2506 844 2564 fax
854 2503 963 2565 ultima
971 2503 1066 2581 leeto,

295 2591 433 2651 Uxorum
444 2591 521 2650 fusis
533 2595 594 2650 stat
604 2591 656 2670 pia
665 2590 757 2650 turba
768 2590 873 2666 comis,

255 2673 297 2734 nt
308 2679 466 2733 certamen
475 2674 592 2734 habent
602 2673 670 2752 leti,
684 2691 762 2753 quae
774 2674 840 2733 viva
851 2679 1000 2751 sequatur

201 2763 237 2817 20
299 2757 496 2835 Coniugium:
518 2757 619 2838 pudor
632 2764 681 2818 est
690 2777 755 2817 uon-
763 2755 891 2817 licuisse
902 2757 990 2817 mori.

255 2839 378 2901 Ardent
388 2843 531 2908 victrices
543 2848 576 2902 et
586 2843 726 2902 flammae
736 2850 865 2921 pectora
875 2843 1038 2921 praebent,

295 2924 510 3006 inponuntque
522 2928 584 2986 auis
597 2945 650 2986 ora
660 2930 789 3006 perusta
799 2927 884 2986 viris.

149 3023 154 3044 ³
255 3008 315 3068 Hie
326 3028 422 3087 genus
433 3008 561 3068 infidum
571 3015 745 3089 nuptarum,
760 3009 812 3067 hic
821 3007 909 3067 nulla
921 3006 1026 3088 puella

293 3091 359 3150 Nee
369 3091 431 3148 fida
440 3090 569 3149 Euadne
579 3109 637 3147 neo
648 3093 700 3168 pia
709 3089 879 3168 Penelope,

201 3181 234 3234 ἢὸ
255 3169 347 3234 Felix
358 3178 513 3250 agrestum
524 3170 676 3249 quondam
685 3177 795 3248 pacata
804 3173 958 3247 iuventus,

295 3257 427 3316 Divitiae
440 3272 570 3333 quorum
579 3253 689 3313 messis
701 3257 734 3310 et
746 3254 838 3310 arbor
848 3257 946 3310 eraut.

254 3338 319 3400 Illis
330 3357 438 3399 munus
452 3341 520 3397 arat
531 3334 661 3395 decussa
672 3333 811 3414 Cydonia
821 3353 905 3392 ramo

295 3423 338 3483 nt
349 3422 423 3483 dare
434 3421 574 3503 puniceis
586 3417 679 3498 plena
691 3419 824 3478 canistra
834 3417 932 3494 rubis,

254 3505 342 3567 Nunc
353 3503 450 3566 violas
461 3502 594 3564 tondere
605 3523 705 3580 mauu,
716 3521 797 3562 nuno
808 3501 901 3560 mixta
911 3497 1035 3560 referre

202 3597 237 3653 30
298 3587 380 3650 Lilia
389 3589 544 3668 virgineo
555 3585 657 3647 lueida
667 3605 725 3667 per
737 3583 885 3660 calathos,
1026 3585 1029 3591 '

130 3721 133 3726 .
254 3674 432 3755 Etportare
445 3673 507 3733 suis
517 3673 644 3733 vestitas
655 3668 817 3732 frondibus
827 3686 901 3728 uvas
