2717 4325
169 459 210 523 18
523 455 669 517 TlBULLI
690 455 757 516 iis.
774 456 795 516 l.
812 467 838 521 8.

211 628 255 690 Ut
275 627 381 688 iovem
402 623 489 687 molli
511 623 625 704 frigida
646 626 784 686 membra
807 626 884 688 sinu.
1145 637 1183 694 ω

169 713 281 776 carior
304 718 353 772 est
375 730 448 772 auro
471 710 607 787 iuvenis,
632 710 680 769 cui
702 707 783 770 levia
803 708 927 788 fulgent

213 798 276 858 Dra
297 815 356 857 nec
380 792 538 876 amplexus
561 811 671 874 aspera
690 794 785 854 barba
805 795 890 854 terit.

168 882 251 944 Huic
271 887 307 942 tu
329 880 497 942 candentes
520 878 650 938 humero
672 897 811 959 suppone
833 877 983 959 lacertos,

212 967 254 1026 Et
275 984 383 1044 regum
405 981 532 1042 magnae
555 961 767 1042 despiciantur
788 981 872 1043 opes.
1289 1019 1290 1044 ,

168 1052 212 1114 At
233 1050 341 1113 Venus
362 1049 481 1110 invenit
501 1065 600 1128 puero
622 1047 824 1108 succumbere
846 1047 969 1126 furtim,
1144 1058 1208 1114 35.
1289 1053 1290 1102 ζ

212 1135 291 1195 Dum
307 1141 406 1195 tumet
427 1138 460 1194 et
482 1139 609 1193 teneros
632 1132 888 1212 conseriturque
911 1134 1011 1212 riuus,

167 1220 211 1282 Et
232 1217 307 1280 dare
329 1215 489 1279 anhelanti
511 1217 717 1296 pugnantibus
740 1215 865 1276 humida
886 1215 999 1294 linguis

212 1301 325 1365 Dscula
347 1308 380 1364 et
402 1303 435 1362 in
457 1298 541 1362 collo
563 1301 662 1380 figere
686 1299 780 1361 aiente
801 1307 899 1362 notas.

169 1385 239 1447 Non
260 1386 339 1469 lapis
361 1388 440 1448 hanc
462 1403 662 1466 gemmaeque
685 1385 803 1463 iurant,
834 1403 911 1465 quae
933 1384 1051 1464 frigore
1071 1385 1137 1448 sola

212 1471 353 1532 Dormiat
374 1478 407 1532 et
426 1469 506 1530 nulli
528 1470 570 1530 sit
593 1466 744 1550 cupienda
764 1469 841 1530 viro·
1144 1481 1182 1536 40
1289 1485 1290 1492 ’

171 1555 243 1616 Heu
266 1574 336 1616 sero
357 1561 521 1617 revocatur
545 1573 630 1615 amor
651 1571 786 1632 seroque
801 1554 942 1631 iuventa,

211 1639 292 1700 Dum
313 1643 402 1700 vetus
423 1639 534 1699 infecit
557 1657 633 1699 cana
652 1643 778 1724 senecta
801 1644 899 1717 caput.

171 1723 253 1784 Tum
275 1721 409 1784 studium
429 1723 549 1784 formae
572 1728 635 1782 est:
660 1727 831 1780 comatum
854 1728 1004 1801 mutatur,
1027 1729 1061 1783 ut
1084 1742 1180 1784 asinos

213 1805 394 1868 Dissimulet
414 1805 507 1866 viridi
529 1806 647 1866 cortice
669 1805 767 1865 tincta
788 1807 890 1866 nucis:

171 1890 305 1952 Tollere
326 1896 391 1951 tum
413 1909 487 1952 cura
508 1896 557 1950 est
578 1888 665 1951 albos
688 1910 705 1949 a
726 1890 825 1972 stirpe
849 1887 979 1972 capillos
1144 1901 1179 1956 45

213 1976 255 2036 Et
276 1975 388 2036 faciem
410 1973 535 2055 ‹lempta
557 1972 640 2055 pelle
663 1974 788 2034 referre
810 1994 929 2035 novam.
1006 2049 1009 2054 1

171 2061 213 2122 At
234 2068 283 2137 tu,
304 2058 375 2120 dum
393 2060 487 2143 primi
507 2060 602 2120 floret
623 2059 679 2120 tibi
701 2060 850 2140 temporis
873 2067 973 2139 uetus,

212 2144 328 2207 Utere:
351 2165 415 2205 non
434 2143 524 2206 tardo
545 2142 663 2205 labitur
684 2143 738 2205 illa
758 2142 850 2225 pede.

170 2229 225 2291 Sei
247 2230 423 2291 Marathum
443 2235 588 2308 torques,
610 2247 708 2309 puero
733 2246 811 2308 quae
835 2230 932 2308 gioria
954 2230 1032 2291 victo
1055 2232 1126 2293 esti

213 2314 247 2375 lu
268 2321 391 2376 veteres
414 2320 482 2375 esto
506 2311 598 2392 durs,
619 2310 740 2393 puelia,
763 2331 861 2375 senes.
1144 2326 1181 2379 50

170 2399 268 2460 Parce
289 2418 403 2480 precor
423 2405 552 2459 teneros
571 2416 634 2457 non
654 2396 704 2457 illi
727 2399 846 2459 sontica
868 2417 957 2459 causa
979 2405 1041 2477 est,

214 2482 279 2545 Sed
299 2484 410 2544 nimius
431 2482 497 2544 luto
519 2502 650 2563 corpora
672 2483 766 2561 tingit
786 2502 881 2543 amor.

172 2567 232 2628 Vel
250 2569 345 2628 miser
368 2568 488 2629 absenti
510 2573 640 2627 maestas
659 2586 749 2648 quam
771 2585 863 2648 saepe
887 2565 1029 2647 quereias

213 2652 349 2713 Douiicit
368 2658 402 2713 et
422 2650 557 2713 lacrimis
579 2653 680 2712 omnia
700 2650 794 2734 plena
816 2651 955 2712 madent!

171 2734 273 2813 ‘Quid
292 2753 340 2795 me
363 2736 526 2817 spernis‘i’
551 2736 602 2796 ait.
625 2741 768 2818 ‘poterat
790 2734 928 2797 custodia
948 2737 1044 2797 vinci:
1144 2750 1179 2801 55

211 2818 281 2899 ipse
304 2818 392 2881 dedit
414 2818 533 2902 cupidis
555 2818 668 2881 fallere
689 2838 782 2903 posse
805 2819 891 2881 deus.
1289 2818 1290 2853 ⁴

170 2901 250 2964 Nota
271 2904 378 2967 Venus
397 2904 511 2965 furtiva
532 2904 608 2964 mihi
629 2910 695 2983 est,
716 2910 751 2963 ut
770 2902 853 2965 lenis
876 2911 982 2983 agatur

213 2986 364 3068 Spiritus,
387 2993 421 3049 ut
441 3008 499 3050 nec
521 2987 597 3050 dent
620 2986 726 3049 oscula
747 2994 835 3069 rupta
858 3008 981 3049 sonum:

168 3070 211 3132 Iit
231 3091 357 3154 possum
378 3072 480 3133 media
502 3074 637 3153 quamvis
660 3075 814 3154 obrepere
837 3081 928 3135 nocte

211 3155 253 3216 lit
275 3157 410 3239 strepitu
431 3155 519 3217 nullo
542 3155 621 3218 clam
639 3176 784 3219 reserare
803 3158 898 3219 iores.

169 3240 252 3318 Quid
271 3248 403 3322 prosunt
424 3249 523 3321 artes,
546 3243 692 3303 miserum
714 3244 740 3303 si
762 3244 884 3326 spernit
905 3249 1055 3306 amantem

210 3325 252 3387 Et
274 3326 354 3405 fugit
374 3345 412 3387 ex
431 3327 499 3408 ipso
521 3344 611 3388 saeva
631 3325 737 3410 puelia
757 3329 850 3389 torol

168 3408 230 3473 Vel
250 3430 317 3471 cum
339 3411 511 3494 promittit,
534 3412 636 3472 subito
659 3410 717 3473 scd
729 3411 856 3557 perfida
874 3411 970 3491 lullit,

210 3494 269 3555 Est
290 3495 366 3556 mihi
388 3516 449 3557 nox
471 3494 576 3557 multis
596 3496 727 3578 evigilas
751 3518 768 3558 a
789 3498 886 3561 malis.

168 3577 246 3638 Dum
268 3579 343 3641 mihi
363 3587 523 3643 venturam
543 3582 641 3663 tingo,
665 3562 870 3664 quoDcunque
891 3589 1048 3662 movetur,
1142 3590 1180 3649 65

211 3659 298 3723 iliius
321 3663 416 3726 credo
438 3670 513 3728 tunc
536 3668 677 3729 sonuisse
698 3667 832 3750 pedem?

167 3745 308 3807 Desistas
328 3746 509 3831 lacrimare,
531 3771 627 3833 puer:
649 3772 711 3813 nou
733 3753 888 3833 frangitur
909 3750 980 3831 illa,
