2717 4325
184 460 224 524 ιι
356 535 360 542 ,
475 452 669 519 cliuum
692 451 889 531 cinnor.

287 624 377 701 Quod
398 630 469 685 sunt
492 621 656 702 molliculi,
678 642 784 703 pamm
805 620 958 702 pudicum
1009 631 1013 638 '

250 720 267 771 5
288 709 364 783 Nam
384 715 499 767 eastum
522 726 590 766 esse
610 706 704 767 decet
722 707 805 785 pium
827 712 948 784 poetam

286 780 405 871 Ipsum,
427 790 596 850 versiculos
616 789 696 850 nihil
717 806 850 850 necesse
869 787 949 862 est,

242 876 349 951 Qui
369 882 434 935 tum
456 874 589 951 denique
609 874 726 933 habent
746 871 840 932 salem
863 891 897 930 ao
917 870 1076 950 leporem,

289 958 323 1019 si
345 964 416 1018 sunt
436 956 587 1017 molliculi
605 977 649 1019 ac
659 976 765 1036 parum
783 954 887 1035 pudici
931 1030 933 1035 Ι

170 1058 174 1065 ·
289 1042 331 1101 nt
348 1040 434 1119 ¹qrmd
454 1041 574 1120 pruriat
592 1040 722 1100 incitare
742 1045 925 1118 poss‚unt

233 1136 267 1187 10
286 1126 356 1186 Non
376 1124 445 1183 dico
466 1125 587 1203 pueris,
609 1123 664 1183 sed
682 1124 731 1183 his
751 1122 873 1202 pilosis,
969 1172 973 1179 .
1041 1166 1046 1176 .

290 1209 351 1285 Qui
372 1206 465 1267 duros
485 1213 658 1285 nequeunt
664 1225 787 1266 movere
807 1204 937 1265 lumbos

288 1292 369 1369 Vos,
392 1292 463 1370 quei
483 1289 566 1350 milia
586 1290 681 1377 multa
702 1291 855 1351 basiorum

287 1375 436 1453 Legistis,
459 1373 539 1434 male
559 1369 608 1434 me
629 1393 744 1438 marem
764 1372 901 1453 putatis?

288 1457 460 1553 Paedicobo
483 1476 539 1536 ego
560 1476 614 1517 vos
638 1464 670 1517 et
689 1459 853 1526 irrumabo

581 1584 785 1607 ——-a-'.—

561 1666 756 1763 XVII

273 1754 327 1849 θ
325 1755 468 1865 Colonia,
492 1804 569 1865 quae
591 1787 683 1866 cupis·
694 1794 790 1867 ponte
811 1784 921 1847 ludere
942 1756 1066 1865 magno,

270 1873 312 1932 Et
330 1869 423 1931 salire
444 1876 583 1950 paratum
601 1871 726 1949 habes,
734 1870 791 1930 sed
812 1872 929 1930 vereris
946 1872 1052 1950 inepta

272 1956 371 2016 Crura
391 1952 542 2033 ponticuli
560 1952 668 2014 assulis
690 1955 799 2013 stantis
818 1956 850 2013 in
868 1953 1043 2029 redivivis„

270 2038 317 2098 Ne
339 2038 464 2116 supinus
486 2044 537 2096 eat
559 2034 692 2115 cavaque
712 2039 747 2097 in'
765 2036 878 2116 palude
900 2038 1074 2110 recumbat,

235 2133 259 2184 5
273 2121 325 2183 Sic
346 2122 403 2181 tibi
423 2122 529 2181 bonus
542 2139 579 2182 ex
597 2127 653 2181 tna
672 2140 750 2202 pons
771 2120 902 2182 libidine
923 2122 1018 2197 ilat,¹

270 2207 305 2266 ln
327 2222 387 2284 quo
408 2203 459 2264 vel
481 2202 660 2265 Salisubsili
682 2223 769 2264 sacra
787 2206 1005 2283 suscipiantur.
1059 2213 1086 2256 .’

270 2289 384 2350 Munus
405 2289 464 2348 hoc
486 2289 560 2347 ιιιίΙιί
582 2283 703 2347 maximi
723 2287 777 2366 da,
796 2286 940 2364 Colonia,
961 2289 1072 2347 risus

272 2371 432 2449 Quendam
454 2372 638 2471 municipem
657 2390 759 2433 meum
781 2371 820 2431 de
841 2377 895 2430 tuo
915 2370 984 2431 volo
1005 2379 1103 2450 ponte
1231 2449 1233 2452 ι

270 2456 319 2516 lre
339 2455 570 2535 praecipitem
561 2472 594 2514 ιιι
612 2452 723 2514 lutum
732 2474 793 2534 per,
811 2461 963 2534 caputque
983 2454 1160 2534 pedesque,

212 2550 246 2601 10
266 2539 381 2601 Verum
402 2540 499 2599 totius
518 2545 552 2598 ut
572 2537 657 2598 lacus
676 2538 867 2618 putidaeque¹
883 2537 1003 2617 paludis

270 2620 463 2682 lividissima
483 2623 673 2702 maximeque
692 2619 745 2682 ‘est
763 2622 917 2702 profunda
937 2640 1112 2700 vorago

270 2702 491 2766 Insulsissimus
514 2711 563 2765 est
582 2706 690 2786 homo,
710 2724 769 2765 nec
790 2706 870 2784 s'apit
889 2706 979 2785 pueri
1000 2706 1097 2764 instar

271 2785 383 2846 Bimuli
403 2785 533 2846 tremula
553 2789 650 2866 patris
673 2788 883 2849 dormientis
873 2807 906 2848 ιιι
926 2787 1027 2849 ulna.

273 2870 352 2946 Quoi
374 2888 441 2929 cum
463 2870 504 2929 sit
523 2869 717 2937 viridissimo
728 2880 824 2952 nupta
842 2874 922 2933 flore
939 2871 1044 2960 puella

141 2974 145 2981 ·
216 2967 249 3018 15
272 2955 328 3032 (itt
348 2951 469 3033 puella
472 2951 622 3014 tenellulo
644 2953 807 3016 delicatior
826 2956 943 3034 haedo,

274 3035 467 3097 Asservanda'
487 3038 661 3115 nigerrimis
677 3037 861 3117 diligentius
883 3038 981 3116 uvis),
1033 3071 1036 3076 ·

274 3120 398 3182 Ludere
418 3121 497 3179 lianc
518 3121 591 3181 sinit
611 3128 646 3180 ut
665 3121 769 3199 lubet,
785 3141 844 3182 nec
864 3123 921 3201 pili
940 3122 1017 3181 facit
1035 3122 1104 3197 uni,

273 3205 339 3265 Nec
360 3221 394 3262 se
415 3194 554 3264 sublevat
574 3222 612 3264 ex
634 3223 687 3264 sua
707 3213 813 3285 parte,
834 3205 901 3264 sed
911 3203 996 3264 velut
1017 3203 1103 3264 alnus

272 3288 306 3348 ln
327 3286 410 3346 fossa
428 3285 530 3365 ligari
551 3285 632 3348 iacet
652 3295 838 3368 suppernata
858 3290 976 3364 securi,
1089 3362 1091 3365 Ι

215 3381 250 3434 20
272 3369 467 3430 Tantundem
487 3372 585 3431 omnia
600 3373 737 3432 sentiens
753 3391 841 3450 quam
857 3391 883 3431 ιι
874 3369 982 3430 nulla
996 3371 1037 3431 sit
1050 3391 1187 3450 usquam,

274 3452 361 3514 Talis
381 3455 440 3514 iste
463 3474 547 3514 meus
569 3463 676 3534 stupor
696 3454 743 3514 nil
763 3454 864 3533 videt,
884 3444 962 3514 nihil
983 3455 1082 3538 audit,

274 3539 343 3617 lpse
364 3536 415 3616 qui
432 3538 488 3616 sit,
505 3544 607 3597 utrum
617 3539 666 3597 sit
683 3557 719 3597 an
735 3539 869 3615 nonsit,
889 3538 922 3598 id
940 3557 1061 3616 quoque
1076 3541 1186 3601 nescit.

275 3621 362 3681 Nunc
384 3640 452 3680 eum
472 3618 540 3679 volo
562 3620 601 3679 de
621 3627 674 3680 tuo
695 3628 797 3700 ponte
812 3623 937 3682 mittere
956 3641 1103 3701 pronum,

269 3704 307 3787 Si
322 3709 402 3782 pote
422 3702 568 3765 stolidum
588 3711 720 3783 repente
741 3707 875 3765 excitare
894 3712 1055 3784 aeternum
