2717 4325
170 423 213 484 40
381 418 528 481 TlBULLI
551 417 756 499 (nvenisti)
780 419 849 480 LIB.
865 420 916 482 111.
932 433 957 484 ⁴.

104 588 110 598 '
173 591 260 652 Artis
280 608 357 669 opus
377 607 482 666 rarae,
505 586 629 667 fulgens
652 587 809 648 testudine
832 596 864 649 et
885 609 959 650 suro

214 666 376 734 Pendeiiot
397 671 482 732 loeva
502 670 625 751 garrulo
646 678 736 750 perte
756 672 833 751 lyra.

173 757 262 820 Hunc
282 758 415 837 primum
434 757 562 816 veniens
583 753 706 835 plectro
728 753 902 817 modulatus
924 760 1059 839 eburno,

215 839 341 903 Felices
362 846 470 900 contus
490 858 545 899 ore
567 844 696 900 sonante
718 838 821 899 dedit:

175 922 239 985 Sed
260 930 422 1005 postquam
444 923 570 983 inerunt
593 922 682 1001 digiti
704 941 772 983 cum
793 942 868 984 voce
890 921 1005 1005 locuti,

214 1007 323 1068 Edidit
343 1008 421 1067 haec
440 1006 523 1068 dulci
545 1008 646 1067 tristis
667 1009 761 1066 verbs
783 1006 882 1067 modo.

174 1090 299 1170 ‘Solve‚
323 1111 395 1152 curo
417 1089 523 1152 deum:
543 1097 626 1151 costo
649 1110 718 1151 narn
736 1092 798 1151 rite
818 1098 930 1171 poetae

214 1175 421 1255 Phoebusque
443 1182 476 1235 et
496 1176 635 1236 Bocchus
657 1174 860 1252 Pieridesque
881 1175 1002 1237 invent:

174 1258 235 1320 Sed
258 1258 363 1339 proles
387 1257 527 1320 Semeles
549 1259 687 1319 Bacchus
710 1258 882 1339 doctaeque
904 1279 1027 1321 sorores

215 1342 327 1403 Dicere
349 1362 410 1402 non
432 1350 561 1420 norunt,
585 1341 659 1422 qnid
681 1343 763 1402 ierat
783 1343 860 1402 horu
882 1363 1028 1424 sequens:

174 1425 214 1486 At
236 1427 310 1486 milri
332 1426 466 1487 fetorum
486 1424 572 1505 leges
593 1428 721 1505 senique
744 1427 840 1487 futuri

216 1509 373 1570 Eventure
393 1517 483 1591 puter
505 1528 597 1590 posse
618 1508 725 1569 videre
749 1508 844 1569 dedit.

175 1592 279 1668 Quare
303 1611 359 1670 ego
382 1611 460 1671 quoe
482 1593 551 1652 dico
573 1612 635 1651 non
656 1590 752 1652 solinu
774 1593 879 1673 accipe
900 1600 1003 1674 votes,

223 1675 374 1755 Quodque
396 1675 472 1735 dens
494 1693 567 1735 vero
588 1675 739 1755 Cynthius
762 1693 817 1734 ore
837 1676 945 1738 ierom.

177 1759 310 1819 Tantum
332 1778 403 1818 cara
425 1760 499 1835 tibi,
521 1765 665 1837 qunntnm
689 1778 748 1818 nec
769 1756 833 1817 illio
853 1763 960 1839 metri,

218 1843 371 1918 Quantum
392 1861 451 1902 nec
472 1841 582 1922 cupido
606 1842 690 1904 belle
710 1841 812 1923 puelle
834 1846 917 1922 viro,
988 1901 990 1905 ,

174 1926 237 1986 Pro
260 1944 318 2004 qun
337 1923 486 1986 sollicitos
509 1925 656 1986 caelestia
678 1928 801 1987 nomino
823 1930 917 2006 votis,
1005 1958 1021 1978 x

219 2010 303 2086 Quae
325 2010 381 2070 tibi
404 2028 529 2071 securos
552 2029 614 2069 non
636 2011 710 2070 sinit
732 2011 781 2070 ire
802 2009 884 2089 dies,

174 2093 217 2155 lit
236 2111 304 2152 cum
324 2099 360 2153 te
378 2093 465 2153 fusco
487 2113 610 2155 somnus
631 2093 744 2154 relevit
767 2095 895 2173 amictu,

218 2177 338 2239 Vanum
358 2181 518 2240 nocturnis
541 2177 623 2239 follit
641 2178 840 2257 imaginibus,

177 2262 371 2322 Carminibus
394 2262 552 2326 celebrato
573 2265 634 2323 tuis
656 2263 792 2323 formose
811 2263 931 2324 Neaera

219 2343 357 2404 Alterius
375 2344 488 2406 mavult
510 2365 579 2406 esse
600 2344 703 2426 puello
725 2347 798 2424 viri,

177 2429 383 2507 Diversaeque
403 2448 473 2490 snus
494 2431 589 2508 agitet
610 2448 697 2490 mens
718 2430 812 2510 impie
834 2449 939 2510 cures,

219 2512 284 2574 Neo
305 2510 419 2590 gaudet
440 2520 523 2574 custo
544 2521 639 2594 nupto
660 2513 781 2574 Neeere
805 2512 904 2575 domo.

177 2597 227 2657 Ah
249 2594 377 2657 crudele
398 2615 495 2677 genus
516 2614 575 2657 nec
595 2596 690 2659 fidum
713 2599 827 2658 femine
848 2602 976 2660 nomen!

219 2680 270 2739 Ah
291 2687 417 2761 pereat,
437 2681 546 2741 didicit
567 2679 679 2741 follere
700 2682 787 2759 sique
807 2684 914 2741 virum.

179 2761 242 2824 Sed
262 2765 349 2823 flecti
369 2766 502 2844 poterit:
524 2780 610 2822 mens
633 2752 690 2822 es!
701 2761 855 2822 mutabilis
876 2761 955 2826 illis:

222 2846 272 2905 Tu
292 2845 383 2906 modo
406 2866 473 2907 cum
494 2843 590 2905 multu
612 2846 738 2905 brachis
759 2845 855 2906 tende
876 2866 979 2927 prece.
1090 2846 1095 2859 '

180 2931 293 2991 Saevus
314 2930 410 2990 Amor
431 2929 537 2990 docuit
558 2926 676 2988 validos
698 2934 821 2989 tentore
843 2927 982 3012 labores,

222 3013 336 3074 Saevus
357 3015 452 3074 Amor
475 3011 579 3072 docuit
601 3013 733 3073 verbere
753 3031 842 3073 sueva
862 3016 937 3094 peti.

181 3097 236 3158 Mc
259 3096 411 3176 qnondam
430 3096 554 3157 Admeti
576 3097 681 3156 niveas
701 3098 822 3176 pavisse
842 3098 985 3161 iuvencos

220 3181 288 3241 Non
311 3182 413 3242 estin
434 3199 540 3241 venum
562 3177 668 3241 iobnle
688 3181 759 3242 iictn
778 3182 894 3244 iocum:

180 3264 269 3337 Tunc
288 3283 346 3343 ego
368 3283 427 3325 nec
446 3265 564 3324 cithero
585 3271 724 3344 poteram
746 3263 882 3344 gaudere
904 3287 1015 3329 sonoro

221 3347 286 3408 Nec
308 3346 423 3409 similes
445 3346 570 3408 chordis
590 3347 727 3409 reddere
747 3368 822 3409 voce
845 3370 952 3431 sonos,

181 3431 244 3492 Sed
265 3430 439 3513 perlucenti
461 3438 567 3492 centos
587 3431 760 3493 meditobar
783 3452 878 3495 evena

221 3513 278 3575 iiie
300 3534 358 3595 ego
379 3516 515 3577 Lotonne
536 3513 618 3575 iilius
639 3523 732 3596 utque
754 3516 842 3578 iovis.

144 3649 149 3657 .
178 3598 288 3659 Nescis
311 3600 383 3681 qnid
406 3602 447 3660 sit
469 3619 568 3676 arnor,
590 3601 725 3679 iuvenis,
748 3602 774 3661 si
796 3601 883 3663 ferre
903 3620 1028 3665 recusos

222 3683 372 3745 immitem
395 3683 547 3745 dominam
570 3685 805 3763 coniugiumque
827 3685 939 3747 ferum.
1007 3695 1010 3701 ’
