2717 4325
172 398 214 463 aa
399 397 742 481 οιιιιιιιοιιιιι.
763 411 929 467 roa-«roo.

626 564 711 629 OIV.

259 635 376 729 Credis
396 688 445 730 ure
464 671 601 750 potuisse
618 688 705 730 meae
725 669 912 732 maledicere
931 673 1027 745 ritae,

298 753 453 814 Ambobus
474 754 549 814 milui
570 773 647 833 quae
669 755 770 816 carior
790 760 837 814 eat
858 753 976 814 oculls‘l

256 837 324 898 Non
344 838 447 916 potui,
465 855 540 914 nec,
561 840 586 900 si
607 856 745 918 possem,
766 844 827 898 tam
847 837 969 918 perdite
990 856 1137 900 amarem:

299 919 362 980 Sed
382 927 416 982 tu
438 941 505 982 cum
526 921 674 1002 Tappone
696 922 795 982 omnia
814 929 949 984 monstra
970 923 1054 985 iacis.

637 1098 705 1163 GV.

259 1181 403 1276 Mentula
422 1224 548 1278 conatur
569 1215 709 1299 Pipleum
731 1215 879 1278 scandere
900 1223 1047 1278 montem:

299 1301 407 1362 Musae
427 1301 558 1362 furcillis
579 1303 780 1383 praecipitem
801 1303 934 1363 eiiciant.

172 1537 176 1546 .
627 1476 712 1542 OVI.

136 1609 141 1618 ·
263 1550 344 1646 (lum
363 1559 460 1666 puero
482 1585 565 1647 bello
586 1562 770 1665 praeconem
792 1585 843 1663 qul
864 1582 948 1645 videt
968 1602 1073 1664 esse,¹

300 1669 382 1745 Quid
400 1666 522 1748 credat,
543 1670 602 1729 nisi
623 1687 657 1729 se
674 1665 810 1728 vendere
831 1667 1016 1749 discuperei

604 1810 726 1913 ¹cun.

263 1930 302 2026 Si
324 1965 484 2045 quicquam
506 1965 615 2048 cupido
637 1967 816 2048 optantique
838 1964 947 2044 obtigit
967 1981 1097 2042 unquam

301 2048 487 2131 insperanti,
507 2052 567 2111 hoc
588 2057 637 2112 est
657 2057 776 2130 gratum
796 2049 893 2110 animo
915 2049 1050 2128 proprie.

260 2134 362 2211 Quare
377 2135 436 2197 hoc
456 2141 505 2197 est
524 2144 642 2215 gratum
662 2135 751 2195 nobis
774 2150 894 2214 quoque
916 2133 1014 2192 carius
1035 2149 1125 2209 auro,

302 2218 392 2295 Quod
411 2225 444 2280 te
464 2220 617 2297 restituis,
638 2218 762 2295 Lesbia,
784 2218 825 2277 mi
847 2215 966 2296 cupido.

224 2312 241 2363 5
262 2303 410 2364 Restituit
431 2302 541 2384 cupido
562 2309 654 2383 atque
674 2301 844 2384 insperanti
865 2300 931 2381 ipsa
952 2300 1052 2361 refers
1073 2307 1107 2360 te

301 2388 405 2448 Nobis.
434 2388 574 2449 olucem
596 2386 772 2448 candidiore
793 2384 879 2446 nota!

261 2471 336 2549 Quis
357 2490 406 2531 me
426 2491 487 2534 uno
507 2473 581 2533 vivit
598 2470 738 2549 felicior,
758 2477 810 2529 aut
829 2469 923 2545 magis
947 2513 953 2527 .
976 2516 983 2530 .
1005 2512 1012 2526 .
1035 2513 1043 2525 .

302 2554 460 2635 Optandus
480 2558 543 2617 uita
564 2553 669 2615 dicere
688 2556 758 2633 ,quia
778 2552 916 2634 poterit?
1054 2552 1057 2560 '

576 2680 773 2795 ''roffi''

263 2812 304 2911 Sl
325 2849 446 2911 Comini
465 2849 572 2931 populi
592 2851 721 2911 arbitrio
743 2857 796 2912 tua
817 2870 889 2911 cana
911 2859 1052 2913 senectus

302 2934 451 3015 spurcata
470 2936 597 3015 impuris
619 2936 755 2995 moribus
775 2936 924 3012 intereat,

259 3020 328 3079 Non
350 3018 492 3097 equidem
510 3018 615 3079 dubito
638 3018 711 3097 quin
731 3020 860 3099 primum
879 3020 1001 3081 inimica
1020 3021 1166 3083 bonorum
1273 3074 1274 3077 ,

302 3102 420 3180 Lingua
439 3108 546 3162 enecta
565 3101 653 3164 avido
675 3103 716 3163 sit
738 3102 808 3163 data
827 3100 977 3182 uulturio,

225 3187 400 3247 5Effossos
420 3184 526 3246 oculos
547 3192 637 3247 voret
657 3193 725 3246 atro
747 3193 869 3265 gutture
892 3205 1015 3266 corvus,

300 3270 448 3331 Intestina
467 3288 574 3349 canes,
595 3275 700 3330 cetera
720 3272 857 3331 membra
874 3269 949 3351 lupi

630 3448 718 3513 clx.

263 3532 447 3644 lucundum‚
468 3584 535 3626 mea
554 3568 631 3644 vita,
649 3565 724 3626 milri
743 3566 889 3647 proponis
911 3554 1043 3625 amorem

301 3647 390 3709 Hunc
408 3656 546 3710 nostrum
567 3650 650 3711 inter
670 3668 727 3709 noa
747 3656 989 3731 perpetuumque
1010 3646 1087 3707 iore.
