<?xml version="1.0" encoding="UTF-8"?>
<!DOCTYPE html PUBLIC "-//W3C//DTD XHTML 1.0 Transitional//EN"
    "http://www.w3.org/TR/xhtml1/DTD/xhtml1-transitional.dtd">
<html xmlns="http://www.w3.org/1999/xhtml" xml:lang="en" lang="en">
 <head>
  <title>
</title>
<meta http-equiv="Content-Type" content="text/html;charset=utf-8" />
  <meta name='ocr-system' content='tesseract 3.04.00' />
  <meta name='ocr-capabilities' content='ocr_page ocr_carea ocr_par ocr_line ocrx_word'/>
</head>
<body>
  <div class='ocr_page' id='page_1' title='image "./qvaleriicatulli00rossgoog_0076.png"; bbox 0 0 2717 4325; ppageno 0'>
   <div class='ocr_carea' id='block_1_1' title="bbox 192 418 902 487">
    <p class='ocr_par' dir='ltr' id='par_1_1' title="bbox 192 418 902 487">
     <span class='ocr_line' id='line_1_1' title="bbox 192 418 902 487; baseline 0.003 -2"><span class='ocrx_word' id='word_1_1' title='bbox 192 423 234 485; x_wconf 81' lang='lat'><strong>50</strong></span> <span class='ocrx_word' id='word_1_2' title='bbox 490 418 682 483; x_wconf 72' lang='lat' dir='ltr'><strong>cltum</strong></span> <span class='ocrx_word' id='word_1_3' title='bbox 703 419 836 485; x_wconf 70' lang='lat' dir='ltr'><strong>CAH.</strong></span> <span class='ocrx_word' id='word_1_4' title='bbox 857 428 902 487; x_wconf 76' lang='lat' dir='ltr'><strong>ot</strong></span> 
     </span>
    </p>
   </div>
   <div class='ocr_carea' id='block_1_2' title="bbox 139 586 1165 3250">
    <p class='ocr_par' dir='ltr' id='par_1_2' title="bbox 276 586 1043 751">
     <span class='ocr_line' id='line_1_2' title="bbox 277 586 1043 669; baseline 0.001 -20"><span class='ocrx_word' id='word_1_5' title='bbox 277 589 392 649; x_wconf 81' lang='lat' dir='ltr'><strong>Hosln</strong></span> <span class='ocrx_word' id='word_1_6' title='bbox 415 586 569 649; x_wconf 81' lang='lat' dir='ltr'><strong>distinctis</strong></span> <span class='ocrx_word' id='word_1_7' title='bbox 590 586 698 669; x_wconf 86' lang='lat' dir='ltr'><strong>pleros</strong></span> <span class='ocrx_word' id='word_1_8' title='bbox 716 586 791 650; x_wconf 88' lang='lat' dir='ltr'><strong>tulit</strong></span> <span class='ocrx_word' id='word_1_9' title='bbox 810 590 879 669; x_wconf 84' lang='lat' dir='ltr'><strong>ipse</strong></span> <span class='ocrx_word' id='word_1_10' title='bbox 899 586 1043 667; x_wconf 86' lang='lat' dir='ltr'><strong>corollis,</strong></span> 
     </span>
     <span class='ocr_line' id='line_1_3' title="bbox 276 670 1021 751; baseline 0.004 -20"><span class='ocrx_word' id='word_1_11' title='bbox 276 674 347 747; x_wconf 80' lang='lat' dir='ltr'><strong>Quo</strong></span> <span class='ocrx_word' id='word_1_12' title='bbox 365 670 520 751; x_wconf 86' lang='lat' dir='ltr'><strong>permulae</strong></span> <span class='ocrx_word' id='word_1_13' title='bbox 542 671 649 733; x_wconf 89' lang='lat' dir='ltr'><strong>domne</strong></span> <span class='ocrx_word' id='word_1_14' title='bbox 669 672 803 733; x_wconf 87' lang='lat' dir='ltr'><strong>iucundo</strong></span> <span class='ocrx_word' id='word_1_15' title='bbox 823 674 894 733; x_wconf 87' lang='lat' dir='ltr'><strong>risit</strong></span> <span class='ocrx_word' id='word_1_16' title='bbox 914 671 1021 734; x_wconf 90' lang='lat' dir='ltr'><strong>odore.</strong></span> 
     </span>
    </p>

    <p class='ocr_par' dir='ltr' id='par_1_3' title="bbox 204 754 1067 835">
     <span class='ocr_line' id='line_1_4' title="bbox 204 754 1067 835; baseline -0.006 -15"><span class='ocrx_word' id='word_1_17' title='bbox 204 766 255 820; x_wconf 75' lang='lat'><strong>285</strong></span> <span class='ocrx_word' id='word_1_18' title='bbox 277 756 449 816; x_wconf 73' lang='lat' dir='ltr'><strong>Confestim</strong></span> <span class='ocrx_word' id='word_1_19' title='bbox 468 755 601 816; x_wconf 84' lang='lat' dir='ltr'><strong>Peneios</strong></span> <span class='ocrx_word' id='word_1_20' title='bbox 622 754 726 831; x_wconf 88' lang='lat' dir='ltr'><strong>edeet,</strong></span> <span class='ocrx_word' id='word_1_21' title='bbox 745 755 909 816; x_wconf 79' lang='lat' dir='ltr'><strong>viridantie</strong></span> <span class='ocrx_word' id='word_1_22' title='bbox 930 756 1067 835; x_wconf 83' lang='lat' dir='ltr'><strong>Tempe,</strong></span> 
     </span>
    </p>

    <p class='ocr_par' dir='ltr' id='par_1_4' title="bbox 254 838 1135 1169">
     <span class='ocr_line' id='line_1_5' title="bbox 277 838 1135 919; baseline -0.001 -21"><span class='ocrx_word' id='word_1_23' title='bbox 277 840 412 918; x_wconf 83' lang='lat' dir='ltr'>Tempe,</span> <span class='ocrx_word' id='word_1_24' title='bbox 436 856 513 915; x_wconf 79' lang='lat' dir='ltr'><strong>quae</strong></span> <span class='ocrx_word' id='word_1_25' title='bbox 535 838 629 900; x_wconf 86' lang='lat' dir='ltr'><strong>silvec</strong></span> <span class='ocrx_word' id='word_1_26' title='bbox 647 840 774 917; x_wconf 81' lang='lat' dir='ltr'><strong>cingunt</strong></span> <span class='ocrx_word' id='word_1_27' title='bbox 793 858 887 919; x_wconf 88' lang='lat' dir='ltr'><strong>super</strong></span> <span class='ocrx_word' id='word_1_28' title='bbox 905 838 1135 919; x_wconf 75' lang='lat' dir='ltr'><strong>impendentes,</strong></span> 
     </span>
     <span class='ocr_line' id='line_1_6' title="bbox 254 920 1062 999; baseline 0 -18"><span class='ocrx_word' id='word_1_29' title='bbox 254 924 422 982; x_wconf 81' lang='lat' dir='ltr'><strong>*Minosim</strong></span> <span class='ocrx_word' id='word_1_30' title='bbox 443 920 587 999; x_wconf 80' lang='lat' dir='ltr'><strong>linquens</strong></span> <span class='ocrx_word' id='word_1_31' title='bbox 608 922 694 982; x_wconf 89' lang='lat' dir='ltr'><strong>doris</strong></span> <span class='ocrx_word' id='word_1_32' title='bbox 714 922 901 983; x_wconf 81' lang='lat' dir='ltr'><strong>celebrande</strong></span> <span class='ocrx_word' id='word_1_33' title='bbox 922 924 1062 999; x_wconf 83' lang='lat' dir='ltr'><strong>choreis,</strong></span> 
     </span>
     <span class='ocr_line' id='line_1_7' title="bbox 275 1004 1080 1085; baseline -0.001 -20"><span class='ocrx_word' id='word_1_34' title='bbox 275 1007 344 1065; x_wconf 93' lang='lat' dir='ltr'><strong>Non</strong></span> <span class='ocrx_word' id='word_1_35' title='bbox 364 1025 492 1065; x_wconf 86' lang='lat' dir='ltr'><strong>vecuos=</strong></span> <span class='ocrx_word' id='word_1_36' title='bbox 513 1024 645 1085; x_wconf 87' lang='lat' dir='ltr'><strong>nemque</strong></span> <span class='ocrx_word' id='word_1_37' title='bbox 664 1005 721 1067; x_wconf 89' lang='lat' dir='ltr'><strong>illc</strong></span> <span class='ocrx_word' id='word_1_38' title='bbox 741 1006 814 1066; x_wconf 90' lang='lat' dir='ltr'><strong>tulit</strong></span> <span class='ocrx_word' id='word_1_39' title='bbox 833 1005 982 1067; x_wconf 87' lang='lat' dir='ltr'><strong>redicitue</strong></span> <span class='ocrx_word' id='word_1_40' title='bbox 1002 1004 1080 1065; x_wconf 82' lang='lat' dir='ltr'><strong>ultas</strong></span> 
     </span>
     <span class='ocr_line' id='line_1_8' title="bbox 274 1088 971 1169; baseline 0.003 -20"><span class='ocrx_word' id='word_1_41' title='bbox 274 1090 375 1168; x_wconf 82' lang='lat' dir='ltr'><strong>Fagos</strong></span> <span class='ocrx_word' id='word_1_42' title='bbox 396 1108 431 1148; x_wconf 88' lang='lat' dir='ltr'><strong>ac</strong></span> <span class='ocrx_word' id='word_1_43' title='bbox 451 1095 539 1149; x_wconf 90' lang='lat' dir='ltr'><strong>recto</strong></span> <span class='ocrx_word' id='word_1_44' title='bbox 559 1108 707 1169; x_wconf 86' lang='lat' dir='ltr'><strong>proceres</strong></span> <span class='ocrx_word' id='word_1_45' title='bbox 727 1092 833 1169; x_wconf 85' lang='lat' dir='ltr'><strong>stipite</strong></span> <span class='ocrx_word' id='word_1_46' title='bbox 851 1088 971 1168; x_wconf 86' lang='lat' dir='ltr'><strong>laurus,</strong></span> 
     </span>
    </p>

    <p class='ocr_par' dir='ltr' id='par_1_5' title="bbox 202 1171 1165 1585">
     <span class='ocr_line' id='line_1_9' title="bbox 202 1171 1021 1252; baseline -0.005 -16"><span class='ocrx_word' id='word_1_47' title='bbox 202 1182 254 1236; x_wconf 77' lang='lat'><strong>290</strong></span> <span class='ocrx_word' id='word_1_48' title='bbox 275 1174 343 1233; x_wconf 90' lang='lat' dir='ltr'><strong>Non</strong></span> <span class='ocrx_word' id='word_1_49' title='bbox 364 1174 432 1232; x_wconf 87' lang='lat' dir='ltr'><strong>sine</strong></span> <span class='ocrx_word' id='word_1_50' title='bbox 455 1174 575 1233; x_wconf 88' lang='lat' dir='ltr'><strong>nutanti</strong></span> <span class='ocrx_word' id='word_1_51' title='bbox 596 1171 721 1252; x_wconf 80' lang='lat' dir='ltr'><strong>platano</strong></span> <span class='ocrx_word' id='word_1_52' title='bbox 742 1172 889 1250; x_wconf 84' lang='lat' dir='ltr'><strong>lenteque</strong></span> <span class='ocrx_word' id='word_1_53' title='bbox 910 1191 1021 1233; x_wconf 85' lang='lat' dir='ltr'><strong>sorore</strong></span> 
     </span>
     <span class='ocr_line' id='line_1_10' title="bbox 275 1256 998 1335; baseline 0.001 -18"><span class='ocrx_word' id='word_1_54' title='bbox 275 1256 436 1317; x_wconf 83' lang='lat' dir='ltr'><strong>Flammati</strong></span> <span class='ocrx_word' id='word_1_55' title='bbox 457 1257 661 1317; x_wconf 81' lang='lat' dir='ltr'><strong>Phaethontis</strong></span> <span class='ocrx_word' id='word_1_56' title='bbox 683 1263 717 1316; x_wconf 90' lang='lat' dir='ltr'><strong>et</strong></span> <span class='ocrx_word' id='word_1_57' title='bbox 737 1259 821 1316; x_wconf 80' lang='lat' dir='ltr'><strong>serie</strong></span> <span class='ocrx_word' id='word_1_58' title='bbox 840 1276 998 1335; x_wconf 87' lang='lat' dir='ltr'><strong>cupressu.</strong></span> 
     </span>
     <span class='ocr_line' id='line_1_11' title="bbox 275 1338 1007 1416; baseline -0.003 -15"><span class='ocrx_word' id='word_1_59' title='bbox 275 1342 361 1401; x_wconf 82' lang='lat' dir='ltr'><strong>llaec</strong></span> <span class='ocrx_word' id='word_1_60' title='bbox 383 1341 498 1401; x_wconf 88' lang='lat' dir='ltr'><strong>circum</strong></span> <span class='ocrx_word' id='word_1_61' title='bbox 519 1338 611 1401; x_wconf 83' lang='lat' dir='ltr'><strong>seder</strong></span> <span class='ocrx_word' id='word_1_62' title='bbox 628 1339 694 1399; x_wconf 92' lang='lat' dir='ltr'><strong>late</strong></span> <span class='ocrx_word' id='word_1_63' title='bbox 715 1345 858 1400; x_wconf 80' lang='lat' dir='ltr'><strong>contexte</strong></span> <span class='ocrx_word' id='word_1_64' title='bbox 879 1338 1007 1416; x_wconf 83' lang='lat' dir='ltr'><strong>locarit,</strong></span> 
     </span>
     <span class='ocr_line' id='line_1_12' title="bbox 275 1422 1063 1487; baseline -0.005 0"><span class='ocrx_word' id='word_1_65' title='bbox 275 1422 467 1487; x_wconf 72' lang='lat' dir='ltr'><strong>Vestibulum</strong></span> <span class='ocrx_word' id='word_1_66' title='bbox 490 1431 524 1483; x_wconf 91' lang='lat' dir='ltr'><strong>ut</strong></span> <span class='ocrx_word' id='word_1_67' title='bbox 544 1422 630 1485; x_wconf 88' lang='lat' dir='ltr'><strong>molli</strong></span> <span class='ocrx_word' id='word_1_68' title='bbox 651 1422 785 1484; x_wconf 82' lang='lat' dir='ltr'><strong>relatum</strong></span> <span class='ocrx_word' id='word_1_69' title='bbox 802 1423 915 1483; x_wconf 80' lang='lat' dir='ltr'><strong>fronde</strong></span> <span class='ocrx_word' id='word_1_70' title='bbox 935 1424 1063 1483; x_wconf 83' lang='lat' dir='ltr'><strong>vireret.</strong></span> 
     </span>
     <span class='ocr_line' id='line_1_13' title="bbox 275 1506 1165 1585; baseline -0.006 -15"><span class='ocrx_word' id='word_1_71' title='bbox 275 1510 350 1570; x_wconf 89' lang='lat' dir='ltr'><strong>Post</strong></span> <span class='ocrx_word' id='word_1_72' title='bbox 369 1509 451 1567; x_wconf 88' lang='lat' dir='ltr'><strong>bunc</strong></span> <span class='ocrx_word' id='word_1_73' title='bbox 471 1508 670 1585; x_wconf 80' lang='lat' dir='ltr'><strong>consequitur</strong></span> <span class='ocrx_word' id='word_1_74' title='bbox 688 1506 809 1569; x_wconf 74' lang='lat' dir='ltr'><strong>sollerti</strong></span> <span class='ocrx_word' id='word_1_75' title='bbox 829 1506 924 1567; x_wconf 88' lang='lat' dir='ltr'><strong>corde</strong></span> <span class='ocrx_word' id='word_1_76' title='bbox 944 1506 1165 1584; x_wconf 87' lang='lat' dir='ltr'><strong>Prometheus,</strong></span> 
     </span>
    </p>

    <p class='ocr_par' dir='ltr' id='par_1_6' title="bbox 203 1592 1114 2002">
     <span class='ocr_line' id='line_1_14' title="bbox 203 1592 1019 1670; baseline -0.01 -14"><span class='ocrx_word' id='word_1_77' title='bbox 203 1602 253 1656; x_wconf 73' lang='lat'><strong>295</strong></span> <span class='ocrx_word' id='word_1_78' title='bbox 274 1593 446 1652; x_wconf 86' lang='lat' dir='ltr'><strong>Extenuete</strong></span> <span class='ocrx_word' id='word_1_79' title='bbox 467 1609 579 1668; x_wconf 81' lang='lat' dir='ltr'><strong>gerens</strong></span> <span class='ocrx_word' id='word_1_80' title='bbox 599 1592 715 1652; x_wconf 86' lang='lat' dir='ltr'><strong>veteris</strong></span> <span class='ocrx_word' id='word_1_81' title='bbox 735 1592 863 1669; x_wconf 77' lang='lat' dir='ltr'><strong>vestigia</strong></span> <span class='ocrx_word' id='word_1_82' title='bbox 883 1607 1019 1670; x_wconf 81' lang='lat' dir='ltr'><strong>poenae,</strong></span> 
     </span>
     <span class='ocr_line' id='line_1_15' title="bbox 275 1673 1114 1753; baseline -0.002 -20"><span class='ocrx_word' id='word_1_83' title='bbox 275 1677 371 1750; x_wconf 80' lang='lat' dir='ltr'><strong>Quam</strong></span> <span class='ocrx_word' id='word_1_84' title='bbox 394 1673 546 1753; x_wconf 88' lang='lat' dir='ltr'><strong>quondam</strong></span> <span class='ocrx_word' id='word_1_85' title='bbox 566 1674 646 1735; x_wconf 86' lang='lat' dir='ltr'><strong>silici</strong></span> <span class='ocrx_word' id='word_1_86' title='bbox 667 1676 830 1735; x_wconf 86' lang='lat' dir='ltr'><strong>restrictus</strong></span> <span class='ocrx_word' id='word_1_87' title='bbox 849 1675 986 1750; x_wconf 86' lang='lat' dir='ltr'><strong>membre</strong></span> <span class='ocrx_word' id='word_1_88' title='bbox 1006 1678 1114 1733; x_wconf 89' lang='lat' dir='ltr'><strong>eeteue</strong></span> 
     </span>
     <span class='ocr_line' id='line_1_16' title="bbox 274 1756 1022 1838; baseline -0.004 -20"><span class='ocrx_word' id='word_1_89' title='bbox 274 1757 429 1819; x_wconf 81' lang='lat' dir='ltr'><strong>Persolvit</strong></span> <span class='ocrx_word' id='word_1_90' title='bbox 448 1756 589 1836; x_wconf 90' lang='lat' dir='ltr'><strong>pendeue</strong></span> <span class='ocrx_word' id='word_1_91' title='bbox 610 1776 628 1817; x_wconf 88' lang='lat' dir='ltr'><strong>e</strong></span> <span class='ocrx_word' id='word_1_92' title='bbox 648 1758 816 1818; x_wconf 86' lang='lat' dir='ltr'><strong>verticibus</strong></span> <span class='ocrx_word' id='word_1_93' title='bbox 836 1757 1022 1838; x_wconf 85' lang='lat' dir='ltr'><strong>praeruptis.</strong></span> 
     </span>
     <span class='ocr_line' id='line_1_17' title="bbox 275 1839 1112 1920; baseline -0.001 -19"><span class='ocrx_word' id='word_1_94' title='bbox 275 1840 349 1901; x_wconf 91' lang='lat' dir='ltr'><strong>lnde</strong></span> <span class='ocrx_word' id='word_1_95' title='bbox 371 1849 461 1920; x_wconf 87' lang='lat' dir='ltr'><strong>pater</strong></span> <span class='ocrx_word' id='word_1_96' title='bbox 482 1839 584 1901; x_wconf 84' lang='lat' dir='ltr'><strong>divum</strong></span> <span class='ocrx_word' id='word_1_97' title='bbox 605 1848 709 1901; x_wconf 91' lang='lat' dir='ltr'><strong>sancte</strong></span> <span class='ocrx_word' id='word_1_98' title='bbox 731 1861 798 1901; x_wconf 90' lang='lat' dir='ltr'><strong>cum</strong></span> <span class='ocrx_word' id='word_1_99' title='bbox 820 1842 950 1919; x_wconf 83' lang='lat' dir='ltr'><strong>coniuge</strong></span> <span class='ocrx_word' id='word_1_100' title='bbox 971 1840 1112 1918; x_wconf 88' lang='lat' dir='ltr'><strong>natisque</strong></span> 
     </span>
     <span class='ocr_line' id='line_1_18' title="bbox 274 1922 1086 2002; baseline -0.002 -19"><span class='ocrx_word' id='word_1_101' title='bbox 274 1923 409 1984; x_wconf 79' lang='lat' dir='ltr'><strong>Advenit</strong></span> <span class='ocrx_word' id='word_1_102' title='bbox 429 1922 533 2000; x_wconf 79' lang='lat' dir='ltr'><strong>caelo,</strong></span> <span class='ocrx_word' id='word_1_103' title='bbox 552 1931 584 1983; x_wconf 89' lang='lat' dir='ltr'><strong>te</strong></span> <span class='ocrx_word' id='word_1_104' title='bbox 605 1924 719 2001; x_wconf 89' lang='lat' dir='ltr'><strong>solum,</strong></span> <span class='ocrx_word' id='word_1_105' title='bbox 740 1926 884 2002; x_wconf 84' lang='lat' dir='ltr'><strong>Pboebc,</strong></span> <span class='ocrx_word' id='word_1_106' title='bbox 905 1922 1086 2001; x_wconf 85' lang='lat' dir='ltr'><strong>relinquens</strong></span> 
     </span>
    </p>

    <p class='ocr_par' dir='ltr' id='par_1_7' title="bbox 202 2005 1072 2086">
     <span class='ocr_line' id='line_1_19' title="bbox 202 2005 1072 2086; baseline -0.008 -15"><span class='ocrx_word' id='word_1_107' title='bbox 202 2020 254 2071; x_wconf 77' lang='grc' dir='ltr'><strong>Ι000</strong></span> <span class='ocrx_word' id='word_1_108' title='bbox 274 2009 506 2086; x_wconf 87' lang='lat' dir='ltr'><strong>Unigenemque</strong></span> <span class='ocrx_word' id='word_1_109' title='bbox 527 2006 617 2067; x_wconf 89' lang='lat' dir='ltr'><strong>simul</strong></span> <span class='ocrx_word' id='word_1_110' title='bbox 638 2007 799 2069; x_wconf 89' lang='lat' dir='ltr'><strong>cultricem</strong></span> <span class='ocrx_word' id='word_1_111' title='bbox 819 2009 974 2069; x_wconf 86' lang='lat' dir='ltr'><strong>montibus</strong></span> <span class='ocrx_word' id='word_1_112' title='bbox 995 2005 1072 2065; x_wconf 88' lang='lat' dir='ltr'><strong>ldri:</strong></span> 
     </span>
    </p>

    <p class='ocr_par' dir='ltr' id='par_1_8' title="bbox 139 2089 1125 2422">
     <span class='ocr_line' id='line_1_20' title="bbox 139 2089 1083 2172; baseline -0.003 -21"><span class='ocrx_word' id='word_1_113' title='bbox 139 2110 149 2127; x_wconf 76' lang='lat'><strong><em>¹</em></strong></span> <span class='ocrx_word' id='word_1_114' title='bbox 274 2089 370 2151; x_wconf 88' lang='lat' dir='ltr'><strong>Pelea</strong></span> <span class='ocrx_word' id='word_1_115' title='bbox 389 2111 457 2152; x_wconf 90' lang='lat' dir='ltr'><strong>nem</strong></span> <span class='ocrx_word' id='word_1_116' title='bbox 479 2097 580 2151; x_wconf 89' lang='lat' dir='ltr'><strong>tecum</strong></span> <span class='ocrx_word' id='word_1_117' title='bbox 602 2093 721 2172; x_wconf 86' lang='lat' dir='ltr'><strong>pariter</strong></span> <span class='ocrx_word' id='word_1_118' title='bbox 743 2112 831 2153; x_wconf 88' lang='lat' dir='ltr'><strong>soror</strong></span> <span class='ocrx_word' id='word_1_119' title='bbox 853 2096 1015 2172; x_wconf 75' lang='lat' dir='ltr'><strong>aspernato</strong></span> <span class='ocrx_word' id='word_1_120' title='bbox 1036 2095 1083 2149; x_wconf 86' lang='lat' dir='ltr'><strong>est</strong></span> 
     </span>
     <span class='ocr_line' id='line_1_21' title="bbox 274 2172 1068 2252; baseline -0.001 -17"><span class='ocrx_word' id='word_1_121' title='bbox 274 2176 340 2236; x_wconf 90' lang='lat' dir='ltr'><strong>Nec</strong></span> <span class='ocrx_word' id='word_1_122' title='bbox 363 2175 506 2239; x_wconf 77' lang='lat' dir='ltr'><strong>Thetidis</strong></span> <span class='ocrx_word' id='word_1_123' title='bbox 526 2174 631 2236; x_wconf 87' lang='lat' dir='ltr'><strong>taedas</strong></span> <span class='ocrx_word' id='word_1_124' title='bbox 651 2175 749 2236; x_wconf 84' lang='lat' dir='ltr'><strong>voluit</strong></span> <span class='ocrx_word' id='word_1_125' title='bbox 770 2175 929 2236; x_wconf 78' lang='lat' dir='ltr'><strong>celebrere</strong></span> <span class='ocrx_word' id='word_1_126' title='bbox 949 2172 1068 2252; x_wconf 79' lang='lat' dir='ltr'><strong>iugulis.</strong></span> 
     </span>
     <span class='ocr_line' id='line_1_22' title="bbox 275 2259 1062 2339; baseline -0.003 -20"><span class='ocrx_word' id='word_1_127' title='bbox 275 2260 334 2335; x_wconf 83' lang='lat' dir='ltr'><strong>Qui</strong></span> <span class='ocrx_word' id='word_1_128' title='bbox 354 2278 501 2339; x_wconf 87' lang='lat' dir='ltr'><strong>posquam</strong></span> <span class='ocrx_word' id='word_1_129' title='bbox 523 2260 620 2320; x_wconf 84' lang='lat' dir='ltr'><strong>niveis</strong></span> <span class='ocrx_word' id='word_1_130' title='bbox 641 2261 795 2320; x_wconf 82' lang='lat' dir='ltr'><strong>flexerunt</strong></span> <span class='ocrx_word' id='word_1_131' title='bbox 816 2259 940 2320; x_wconf 84' lang='lat' dir='ltr'><strong>sedibus</strong></span> <span class='ocrx_word' id='word_1_132' title='bbox 961 2265 1062 2334; x_wconf 88' lang='lat' dir='ltr'><strong>ertus,</strong></span> 
     </span>
     <span class='ocr_line' id='line_1_23' title="bbox 274 2340 1125 2422; baseline 0 -21"><span class='ocrx_word' id='word_1_133' title='bbox 274 2342 373 2420; x_wconf 77' lang='lat' dir='ltr'><strong>Large</strong></span> <span class='ocrx_word' id='word_1_134' title='bbox 395 2340 559 2422; x_wconf 87' lang='lat' dir='ltr'><strong>multiplici</strong></span> <span class='ocrx_word' id='word_1_135' title='bbox 579 2349 775 2402; x_wconf 74' lang='lat' dir='ltr'><strong>constructae</strong></span> <span class='ocrx_word' id='word_1_136' title='bbox 794 2349 865 2402; x_wconf 88' lang='lat' dir='ltr'><strong>sunt</strong></span> <span class='ocrx_word' id='word_1_137' title='bbox 885 2341 964 2421; x_wconf 88' lang='lat' dir='ltr'><strong>dape</strong></span> <span class='ocrx_word' id='word_1_138' title='bbox 983 2358 1125 2411; x_wconf 83' lang='lat' dir='ltr'><strong>meusne,</strong></span> 
     </span>
    </p>

    <p class='ocr_par' dir='ltr' id='par_1_9' title="bbox 201 2426 1150 2834">
     <span class='ocr_line' id='line_1_24' title="bbox 201 2426 1086 2505; baseline -0.003 -18"><span class='ocrx_word' id='word_1_139' title='bbox 201 2435 253 2488; x_wconf 75' lang='grc'><strong>300</strong></span> <span class='ocrx_word' id='word_1_140' title='bbox 275 2427 352 2486; x_wconf 82' lang='lat' dir='ltr'><strong>Cum</strong></span> <span class='ocrx_word' id='word_1_141' title='bbox 373 2428 496 2486; x_wconf 82' lang='lat' dir='ltr'><strong>interea</strong></span> <span class='ocrx_word' id='word_1_142' title='bbox 513 2427 635 2487; x_wconf 88' lang='lat' dir='ltr'><strong>infirmo</strong></span> <span class='ocrx_word' id='word_1_143' title='bbox 656 2426 830 2504; x_wconf 73' lang='lat' dir='ltr'><strong>quatientes</strong></span> <span class='ocrx_word' id='word_1_144' title='bbox 850 2445 981 2505; x_wconf 87' lang='lat' dir='ltr'><strong>corpora</strong></span> <span class='ocrx_word' id='word_1_145' title='bbox 1001 2430 1086 2484; x_wconf 88' lang='lat' dir='ltr'><strong>motu</strong></span> 
     </span>
     <span class='ocr_line' id='line_1_25' title="bbox 274 2507 1017 2590; baseline -0.005 -19"><span class='ocrx_word' id='word_1_146' title='bbox 274 2509 437 2572; x_wconf 89' lang='lat' dir='ltr'><strong>Veridicos</strong></span> <span class='ocrx_word' id='word_1_147' title='bbox 458 2510 574 2570; x_wconf 81' lang='lat' dir='ltr'><strong>Parcae</strong></span> <span class='ocrx_word' id='word_1_148' title='bbox 595 2517 766 2590; x_wconf 87' lang='lat' dir='ltr'><strong>coeperunt</strong></span> <span class='ocrx_word' id='word_1_149' title='bbox 784 2507 880 2568; x_wconf 88' lang='lat' dir='ltr'><strong>edere</strong></span> <span class='ocrx_word' id='word_1_150' title='bbox 901 2513 1017 2568; x_wconf 72' lang='lat' dir='ltr'><strong>cantus</strong></span> 
     </span>
     <span class='ocr_line' id='line_1_26' title="bbox 274 2590 1150 2673; baseline -0.003 -21"><span class='ocrx_word' id='word_1_151' title='bbox 274 2593 331 2652; x_wconf 86' lang='lat' dir='ltr'><strong>His</strong></span> <span class='ocrx_word' id='word_1_152' title='bbox 353 2609 464 2673; x_wconf 86' lang='lat' dir='ltr'><strong>corpus</strong></span> <span class='ocrx_word' id='word_1_153' title='bbox 484 2591 646 2654; x_wconf 89' lang='lat' dir='ltr'><strong>tremulum</strong></span> <span class='ocrx_word' id='word_1_154' title='bbox 669 2592 879 2672; x_wconf 87' lang='lat' dir='ltr'><strong>complectens</strong></span> <span class='ocrx_word' id='word_1_155' title='bbox 899 2590 1035 2669; x_wconf 90' lang='lat' dir='ltr'><strong>undique</strong></span> <span class='ocrx_word' id='word_1_156' title='bbox 1053 2591 1150 2650; x_wconf 85' lang='lat' dir='ltr'><strong>vestis</strong></span> 
     </span>
     <span class='ocr_line' id='line_1_27' title="bbox 276 2675 968 2756; baseline -0.001 -20"><span class='ocrx_word' id='word_1_157' title='bbox 276 2675 413 2736; x_wconf 84' lang='lat' dir='ltr'><strong>Candide</strong></span> <span class='ocrx_word' id='word_1_158' title='bbox 432 2695 586 2756; x_wconf 87' lang='lat' dir='ltr'><strong>purpurea</strong></span> <span class='ocrx_word' id='word_1_159' title='bbox 605 2677 683 2736; x_wconf 86' lang='lat' dir='ltr'><strong>talos</strong></span> <span class='ocrx_word' id='word_1_160' title='bbox 704 2677 876 2736; x_wconf 79' lang='lat' dir='ltr'><strong>incinxerat</strong></span> <span class='ocrx_word' id='word_1_161' title='bbox 897 2696 968 2751; x_wconf 88' lang='lat' dir='ltr'><strong>ore,</strong></span> 
     </span>
     <span class='ocr_line' id='line_1_28' title="bbox 274 2758 1023 2834; baseline -0.001 -16"><span class='ocrx_word' id='word_1_162' title='bbox 274 2761 316 2819; x_wconf 80' lang='lat' dir='ltr'><strong>nt</strong></span> <span class='ocrx_word' id='word_1_163' title='bbox 335 2778 426 2819; x_wconf 88' lang='lat' dir='ltr'><strong>roseo</strong></span> <span class='ocrx_word' id='word_1_164' title='bbox 446 2761 554 2819; x_wconf 85' lang='lat' dir='ltr'><strong>niveae</strong></span> <span class='ocrx_word' id='word_1_165' title='bbox 574 2758 754 2820; x_wconf 80' lang='lat' dir='ltr'><strong>residebant</strong></span> <span class='ocrx_word' id='word_1_166' title='bbox 772 2761 890 2820; x_wconf 84' lang='lat' dir='ltr'><strong>vertice</strong></span> <span class='ocrx_word' id='word_1_167' title='bbox 910 2760 1023 2834; x_wconf 87' lang='lat' dir='ltr'><strong>vittae,</strong></span> 
     </span>
    </p>

    <p class='ocr_par' dir='ltr' id='par_1_10' title="bbox 202 2841 1148 3250">
     <span class='ocr_line' id='line_1_29' title="bbox 202 2841 1068 2922; baseline -0.007 -18"><span class='ocrx_word' id='word_1_168' title='bbox 202 2851 255 2904; x_wconf 81' lang='lat'><strong>310</strong></span> <span class='ocrx_word' id='word_1_169' title='bbox 275 2844 505 2920; x_wconf 80' lang='lat' dir='ltr'><strong>Aeternumque</strong></span> <span class='ocrx_word' id='word_1_170' title='bbox 524 2861 629 2902; x_wconf 85' lang='lat' dir='ltr'><strong>munus</strong></span> <span class='ocrx_word' id='word_1_171' title='bbox 650 2845 819 2922; x_wconf 88' lang='lat' dir='ltr'><strong>cerpebant</strong></span> <span class='ocrx_word' id='word_1_172' title='bbox 838 2845 899 2902; x_wconf 84' lang='lat' dir='ltr'><strong>rite</strong></span> <span class='ocrx_word' id='word_1_173' title='bbox 920 2841 1068 2902; x_wconf 78' lang='lat' dir='ltr'><strong>laborem.</strong></span> 
     </span>
     <span class='ocr_line' id='line_1_30' title="bbox 274 2924 1042 2999; baseline -0.005 -13"><span class='ocrx_word' id='word_1_174' title='bbox 274 2926 373 2986; x_wconf 83' lang='lat' dir='ltr'><strong>Laeva</strong></span> <span class='ocrx_word' id='word_1_175' title='bbox 394 2924 493 2986; x_wconf 89' lang='lat' dir='ltr'><strong>colum</strong></span> <span class='ocrx_word' id='word_1_176' title='bbox 512 2925 599 2985; x_wconf 89' lang='lat' dir='ltr'><strong>molli</strong></span> <span class='ocrx_word' id='word_1_177' title='bbox 617 2924 688 2986; x_wconf 86' lang='lat' dir='ltr'><strong>lana</strong></span> <span class='ocrx_word' id='word_1_178' title='bbox 706 2927 861 2986; x_wconf 85' lang='lat' dir='ltr'><strong>retinebat</strong></span> <span class='ocrx_word' id='word_1_179' title='bbox 882 2927 1042 2999; x_wconf 86' lang='lat' dir='ltr'><strong>amictum,</strong></span> 
     </span>
     <span class='ocr_line' id='line_1_31' title="bbox 274 3008 1016 3088; baseline -0.007 -18"><span class='ocrx_word' id='word_1_180' title='bbox 274 3010 409 3070; x_wconf 79' lang='lat' dir='ltr'><strong>Dextera</strong></span> <span class='ocrx_word' id='word_1_181' title='bbox 428 3016 491 3069; x_wconf 86' lang='lat' dir='ltr'><strong>tum</strong></span> <span class='ocrx_word' id='word_1_182' title='bbox 513 3009 626 3069; x_wconf 83' lang='lat' dir='ltr'><strong>leviter</strong></span> <span class='ocrx_word' id='word_1_183' title='bbox 647 3008 805 3070; x_wconf 79' lang='lat' dir='ltr'><strong>deducens</strong></span> <span class='ocrx_word' id='word_1_184' title='bbox 825 3009 878 3070; x_wconf 84' lang='lat' dir='ltr'><strong>lile</strong></span> <span class='ocrx_word' id='word_1_185' title='bbox 899 3009 1016 3088; x_wconf 88' lang='lat' dir='ltr'><strong>supinis</strong></span> 
     </span>
     <span class='ocr_line' id='line_1_32' title="bbox 272 3091 1148 3173; baseline -0.006 -21"><span class='ocrx_word' id='word_1_186' title='bbox 272 3093 438 3152; x_wconf 84' lang='lat' dir='ltr'><strong>Formabat</strong></span> <span class='ocrx_word' id='word_1_187' title='bbox 461 3092 580 3171; x_wconf 80' lang='lat' dir='ltr'><strong>digitis,</strong></span> <span class='ocrx_word' id='word_1_188' title='bbox 602 3099 666 3154; x_wconf 90' lang='lat' dir='ltr'><strong>tum</strong></span> <span class='ocrx_word' id='word_1_189' title='bbox 687 3112 786 3173; x_wconf 91' lang='lat' dir='ltr'><strong>prono</strong></span> <span class='ocrx_word' id='word_1_190' title='bbox 807 3095 840 3154; x_wconf 93' lang='lat' dir='ltr'><strong>in</strong></span> <span class='ocrx_word' id='word_1_191' title='bbox 860 3091 976 3172; x_wconf 88' lang='lat' dir='ltr'><strong>pollice</strong></span> <span class='ocrx_word' id='word_1_192' title='bbox 996 3099 1148 3167; x_wconf 89' lang='lat' dir='ltr'><strong>torquens</strong></span> 
     </span>
     <span class='ocr_line' id='line_1_33' title="bbox 273 3175 986 3250; baseline 0.001 -16"><span class='ocrx_word' id='word_1_193' title='bbox 273 3175 432 3235; x_wconf 74' lang='lat' dir='ltr'><strong>Libertum</strong></span> <span class='ocrx_word' id='word_1_194' title='bbox 451 3177 545 3236; x_wconf 86' lang='lat' dir='ltr'><strong>tereti</strong></span> <span class='ocrx_word' id='word_1_195' title='bbox 566 3178 708 3236; x_wconf 84' lang='lat' dir='ltr'><strong>versabat</strong></span> <span class='ocrx_word' id='word_1_196' title='bbox 726 3177 850 3238; x_wconf 89' lang='lat' dir='ltr'><strong>turbine</strong></span> <span class='ocrx_word' id='word_1_197' title='bbox 869 3177 986 3250; x_wconf 83' lang='lat' dir='ltr'><strong>lusum,</strong></span> 
     </span>
    </p>
   </div>
   <div class='ocr_carea' id='block_1_3' title="bbox 202 3255 1169 3739">
    <p class='ocr_par' dir='ltr' id='par_1_11' title="bbox 202 3255 1169 3739">
     <span class='ocr_line' id='line_1_34' title="bbox 202 3255 1169 3340; baseline -0.007 -18"><span class='ocrx_word' id='word_1_198' title='bbox 202 3269 253 3322; x_wconf 82' lang='lat'><strong>315</strong></span> <span class='ocrx_word' id='word_1_199' title='bbox 274 3261 378 3337; x_wconf 80' lang='lat' dir='ltr'><strong>Atque</strong></span> <span class='ocrx_word' id='word_1_200' title='bbox 397 3260 441 3318; x_wconf 88' lang='lat' dir='ltr'><strong>ite</strong></span> <span class='ocrx_word' id='word_1_201' title='bbox 462 3258 632 3338; x_wconf 85' lang='lat' dir='ltr'><strong>decerpens</strong></span> <span class='ocrx_word' id='word_1_202' title='bbox 651 3261 801 3338; x_wconf 86' lang='lat' dir='ltr'><strong>aequabat</strong></span> <span class='ocrx_word' id='word_1_203' title='bbox 820 3278 942 3340; x_wconf 87' lang='lat' dir='ltr'><strong>semper</strong></span> <span class='ocrx_word' id='word_1_204' title='bbox 964 3277 1039 3336; x_wconf 91' lang='lat' dir='ltr'><strong>opus</strong></span> <span class='ocrx_word' id='word_1_205' title='bbox 1062 3255 1169 3335; x_wconf 75' lang='lat' dir='ltr'><strong>dens,</strong></span> 
     </span>
     <span class='ocr_line' id='line_1_35' title="bbox 275 3341 1057 3421; baseline -0.004 -17"><span class='ocrx_word' id='word_1_206' title='bbox 275 3343 439 3421; x_wconf 65' lang='lat' dir='ltr'><strong>[aeneaque</strong></span> <span class='ocrx_word' id='word_1_207' title='bbox 460 3342 587 3404; x_wconf 85' lang='lat' dir='ltr'><strong>aridulis</strong></span> <span class='ocrx_word' id='word_1_208' title='bbox 606 3345 776 3406; x_wconf 85' lang='lat' dir='ltr'><strong>haerebant</strong></span> <span class='ocrx_word' id='word_1_209' title='bbox 796 3363 897 3404; x_wconf 86' lang='lat' dir='ltr'><strong>morsa</strong></span> <span class='ocrx_word' id='word_1_210' title='bbox 915 3341 1057 3419; x_wconf 85' lang='lat' dir='ltr'><strong>labellis,</strong></span> 
     </span>
     <span class='ocr_line' id='line_1_36' title="bbox 276 3425 988 3506; baseline -0.003 -20"><span class='ocrx_word' id='word_1_211' title='bbox 276 3427 361 3502; x_wconf 82' lang='lat' dir='ltr'><strong>Quae</strong></span> <span class='ocrx_word' id='word_1_212' title='bbox 378 3427 464 3506; x_wconf 85' lang='lat' dir='ltr'><strong>priua</strong></span> <span class='ocrx_word' id='word_1_213' title='bbox 485 3425 599 3486; x_wconf 76' lang='lat' dir='ltr'><strong>inlesi</strong></span> <span class='ocrx_word' id='word_1_214' title='bbox 620 3428 744 3487; x_wconf 85' lang='lat' dir='ltr'><strong>fuerant</strong></span> <span class='ocrx_word' id='word_1_215' title='bbox 765 3428 898 3486; x_wconf 81' lang='lat' dir='ltr'><strong>extantia</strong></span> <span class='ocrx_word' id='word_1_216' title='bbox 919 3425 988 3485; x_wconf 85' lang='lat' dir='ltr'><strong>iilo:</strong></span> 
     </span>
     <span class='ocr_line' id='line_1_37' title="bbox 275 3507 1009 3590; baseline 0 -21"><span class='ocrx_word' id='word_1_217' title='bbox 275 3512 357 3572; x_wconf 80' lang='lat' dir='ltr'><strong>Ante</strong></span> <span class='ocrx_word' id='word_1_218' title='bbox 378 3509 475 3590; x_wconf 82' lang='lat' dir='ltr'><strong>pedes</strong></span> <span class='ocrx_word' id='word_1_219' title='bbox 493 3520 593 3570; x_wconf 86' lang='lat' dir='ltr'><strong>eutem</strong></span> <span class='ocrx_word' id='word_1_220' title='bbox 616 3510 776 3572; x_wconf 87' lang='lat' dir='ltr'><strong>candentia</strong></span> <span class='ocrx_word' id='word_1_221' title='bbox 795 3509 901 3570; x_wconf 88' lang='lat' dir='ltr'><strong>mollia</strong></span> <span class='ocrx_word' id='word_1_222' title='bbox 921 3507 1009 3569; x_wconf 86' lang='lat' dir='ltr'><strong>lenae</strong></span> 
     </span>
     <span class='ocr_line' id='line_1_38' title="bbox 276 3592 934 3671; baseline 0 -16"><span class='ocrx_word' id='word_1_223' title='bbox 276 3593 404 3655; x_wconf 76' lang='lat' dir='ltr'><strong>Vellere</strong></span> <span class='ocrx_word' id='word_1_224' title='bbox 424 3594 534 3671; x_wconf 76' lang='lat' dir='ltr'><strong>virgati</strong></span> <span class='ocrx_word' id='word_1_225' title='bbox 555 3593 750 3654; x_wconf 75' lang='lat' dir='ltr'><strong>custodibant</strong></span> <span class='ocrx_word' id='word_1_226' title='bbox 767 3592 934 3655; x_wconf 86' lang='lat' dir='ltr'><strong>calathisci.</strong></span> 
     </span>
     <span class='ocr_line' id='line_1_39' title="bbox 204 3675 1002 3739; baseline -0.005 -2"><span class='ocrx_word' id='word_1_227' title='bbox 204 3683 256 3739; x_wconf 72' lang='lat'><strong>320</strong></span> <span class='ocrx_word' id='word_1_228' title='bbox 276 3677 342 3737; x_wconf 88' lang='lat' dir='ltr'><strong>Hae</strong></span> <span class='ocrx_word' id='word_1_229' title='bbox 363 3685 426 3738; x_wconf 91' lang='lat' dir='ltr'><strong>tum</strong></span> <span class='ocrx_word' id='word_1_230' title='bbox 449 3675 599 3738; x_wconf 86' lang='lat' dir='ltr'><strong>clarisona</strong></span> <span class='ocrx_word' id='word_1_231' title='bbox 619 3676 772 3739; x_wconf 85' lang='lat' dir='ltr'><strong>vellentes</strong></span> <span class='ocrx_word' id='word_1_232' title='bbox 791 3676 908 3738; x_wconf 84' lang='lat' dir='ltr'><strong>vellere</strong></span> <span class='ocrx_word' id='word_1_233' title='bbox 928 3688 1002 3734; x_wconf 76' lang='lat' dir='ltr'><strong>voce</strong></span> 
     </span>
    </p>
   </div>
   <div class='ocr_carea' id='block_1_4' title="bbox 0 0 1364 4325">
    <p class='ocr_par' dir='ltr' id='par_1_12' title="bbox 0 0 1364 4325">
     <span class='ocr_line' id='line_1_40' title="bbox 0 0 1364 4325; baseline 0 0"><span class='ocrx_word' id='word_1_234' title='bbox 0 0 1364 4325; x_wconf 95' lang='lat' dir='ltr'><strong> </strong></span> 
     </span>
    </p>
   </div>
  </div>
 </body>
</html>
