2717 4325
472 432 666 499 celuim
689 432 822 497 Cllllll.
841 450 866 502 5.
883 446 912 505 s.

173 622 177 631 '
237 616 272 673 io
291 607 355 669 Ubi
373 607 434 666 iste
450 611 522 685 posi
541 601 686 682 phaselos
699 600 797 663 'untes
815 602 876 664 fnit

295 692 422 753 Gomsts
439 688 531 750 silvo:
552 704 631 746 uum·
643 686 772 765 Cytorio
792 687 825 747 lu
845 688 919 766 iugo

294 774 455 853 Loqueute
476 768 712 853 snepevsibllum
733 768 833 831 edidit
851 790 945 833 como

294 858 428 918 Amastri
447 856 577 916 Pontice
598 859 632 914 ei
651 854 769 933 Cytore
789 854 927 933 buxifer,
962 880 966 886 ·

294 942 367 1002 Tibi
387 941 464 1001 hseo
485 940 582 1000 inisse
604 943 637 997 et
658 955 729 997 esse
748 939 956 1015 cognitissima

238 1026 347 1093 lucili
365 1022 525 1105 phoselusr
546 1020 654 1082 ultimo
674 1039 713 1081 ex
731 1022 851 1099 origine

295 1108 363 1169 Tuo
384 1108 510 1167 stetisse
530 1104 607 1165 diolt
626 1106 660 1163 iu
682 1106 853 1183 acumine,

295 1191 364 1251 Tuo
384 1191 531 1250 imbuisse
552 1186 702 1268 palmulas
722 1188 756 1245 in
776 1206 927 1268 aequore,

293 1274 335 1334 Et
355 1271 429 1333 lutle
451 1277 499 1331 tot
519 1290 578 1352 per
596 1271 779 1350 impotentis
799 1270 881 1331 irets

292 1358 412 1417 Herum
434 1352 560 1433 tulisse,
580 1352 665 1413 Ιιιιι
686 1353 750 1413 sive
770 1352 898 1414 deniers

236 1450 273 1503 20
292 1440 430 1503 Vocaret
450 1457 539 1514 sure,
562 1438 626 1497 sive
646 1440 802 1515 utrunque
823 1438 962 1517 luppiter

295 1521 392 1584 Simul
412 1521 565 1592 secundus
586 1518 748 1581 incidisset
767 1521 800 1579 in
820 1521 949 1600 pedem}

288 1606 398 1686 Neque
419 1604 483 1666 ulls
501 1610 573 1666 vote
593 1602 769 1664 litoralibus
790 1603 851 1665 dits
918 1629 922 1636 ⁴

290 1692 357 1752 Sibi
379 1707 459 1750 esse
471 1690 570 1767 ioots,
593 1706 661 1749 oum
683 1688 806 1748 veniret
825 1709 843 1748 ι
863 1691 959 1750 msrsi

292 1774 462 1834 Novissime
482 1773 564 1832 huno
587 1770 625 1832 od
646 1789 745 1849 usque
760 1768 925 1852 limpidum
945 1772 1054 1835 losum.

234 1865 270 1920 ιι
291 1854 354 1917 Sed
373 1857 451 1917 hoeo
469 1856 555 1936 prius
575 1855 681 1915 luere.
701 1874 783 1920 uuuo
803 1856 964 1918 recondito

294 1940 391 2000 Senot
412 1930 516 2016 quiete
538 1942 634 2016 seq'ue
653 1936 777 1997 delient
796 1939 870 2017 tibi,

295 2019 452 2083 Gemelle·
460 2021 571 2143 Castor
592 2027 624 2080 et
646 2019 779 2097 gemelle
800 2020 947 2084 Castoris.

295 2285 461 2398 vlumus,
483 2339 551 2382 mes
571 2319 701 2398 Lesbio,
719 2328 813 2401 sique
833 2341 985 2400 amemus,

289 2404 502 2482 Rumoresque
524 2422 631 2464 senum
652 2407 843 2465 severiorum

294 2485 408 2545 Omnes
429 2487 518 2544 unius
541 2487 735 2554 uestimemus
757 2488 842 2548 ossis.

294 2565 384 2627 Soles
405 2566 549 2627 occidere
570 2574 603 2628 et
621 2567 728 2629 redire
748 2575 892 2649 possunt.

255 2662 273 2716 5
296 2651 408 2727 Nobis,
429 2670 496 2710 oum
518 2649 614 2712 semel
636 2652 753 2712 oceidit
773 2653 876 2717 brevis
895 2652 963 2733 lux,

188 2803 191 2810 ,
291 2733 360 2796 Nox
380 2739 428 2795 est
445 2742 633 2818 perpetus
619 2754 678 2796 ιιι
701 2735 890 2798 dormiendo.

291 2819 336 2878 lis
358 2819 399 2878 mi
421 2819 506 2878 basis
520 2809 631 2898 mille,
653 2819 767 2881 deinde
790 2828 930 2898 eentum,

291 2903 371 2962 Dein
392 2901 479 2962 mille
502 2901 617 2982 alters,
638 2903 711 2964 dein
732 2904 866 2965 seeundo
887 2911 1026 2983 eentum,

196 3024 202 3032 -
290 2983 411 3045 Deinde
433 3004 530 3064 usque
553 2985 651 3048 alters
667 2986 775 3064 mille,
796 2986 910 3048 deinde
931 2996 1063 3055 centum.

235 3081 270 3132 10
292 3069 388 3147 Dein,
408 3089 475 3128 oum
492 3067 576 3129 milis
598 3067 693 3131 multo
714 3071 896 3150 fecerimus,

293 3152 562 3218 Conturbublmus
572 3151 643 3231 illo,
664 3172 704 3213 ue
726 3153 872 3231 solemus,
947 3197 951 3202 ‚

287 3229 356 3296 Aut
377 3255 416 3295 ne
438 3238 505 3314 quis
527 3236 623 3297 molus
642 3235 783 3297 invidere
803 3239 917 3316 possit,

291 3319 368 3380 Cum
388 3325 506 3380 tontum
524 3322 603 3381 sciet
624 3339 693 3380 esse
715 3321 921 3394 basiorum.

585 3498 728 3563 uo

295 3583 550 3698 Flovlftlellolus
571 3625 639 3680 tuos
661 3615 800 3694 (lutuno,

288 3703 348 3765 Nel
369 3705 432 3764 siut
453 3701 609 3784 inlepidae
631 3708 723 3780 utque
744 3698 969 3802 inelegsntess

1168 444 1188 507 5
