2717 4325
228 422 268 476 tv

225 587 435 659 [omanorum
446 591 473 641 et
483 584 604 641 editionis
612 584 750 655 principib
762 584 888 638 lectiones
899 584 927 637 in
939 592 1031 638 meum
1047 598 1129 641 usum
1147 587 1229 641 verti.

203 714 205 719 .
227 672 290 725 Jam
307 685 376 724 vero
388 670 506 739 primum
518 668 555 723 dc
570 667 615 725 his
628 668 705 722 libris
714 682 808 738 pauca
819 666 984 737 disputabo,
999 666 1103 724 deiude
1115 668 1230 725 aduota·
1256 701 1257 704 =

228 754 331 808 tionem
343 753 465 807 criticam
478 767 627 823 apponam.

313 835 418 907 Scripsi
433 835 577 907 'lubingae
589 852 614 891 a.
629 834 655 891 d.
666 834 693 888 V
704 833 744 889 ld.
754 834 834 889 Mart.
847 832 1035 891 dccccliv,

845 917 982 989 Arrpustats
993 918 1144 976 Rossbach
1256 937 1257 942 ¹

613 1086 856 1103 φ--Μ

440 1294 1018 1403 uulruursorruuururs
1070 1258 1093 1273 ”

587 1423 683 1488 brevis
702 1421 860 1502 disputatio.
908 1433 911 1438 ⁴

314 1592 425 1645 Praeter
437 1588 536 1643 librum
547 1586 746 1643 THUANEUM
758 1582 821 1662 (T),
836 1604 910 1645 nunc
925 1588 954 1643 iu
970 1588 1138 1645 bibliotheca
1152 1593 1233 1663 regia

228 1674 381 1731 Parisicusi
393 1689 419 1728 n.
431 1672 500 1731 8071
518 1677 676 1740 servatum,
690 1672 736 1742 qui
752 1671 822 1726 inter
837 1670 892 1727 alia
908 1671 993 1727 latina
1008 1672 1132 1747 carmina
1146 1676 1233 1731 etiam

229 1756 411 1815 Catullianum
422 1754 493 1810 LXII
504 1756 626 1811 continet
637 1754 739 1825 quique
752 1752 903 1812 saeculoX
921 1754 1040 1826 scriptus
1061 1752 1233 1827 perhibetur,

229 1844 319 1897 nullus
333 1846 409 1896 extat
419 1840 488 1894 liber
501 1832 672 1896 Catulliauus
685 1837 731 1908 qui
746 1829 866 1893 medium
880 1839 1022 1893 sacculum
1032 1837 1097 1893 xtv
1108 1847 1234 1911 superet.

229 1926 261 1981 lli
275 1925 336 1980 libri
349 1919 519 1995 quiquidem
531 1922 630 1993 integri
648 1921 739 1975 collati
752 1927 816 1977 sunt
829 1927 856 1976 ct
870 1920 898 1974 in
910 1936 1000 1995 meam
1014 1916 1152 1977 venerunt
1162 1925 1235 1979 noti-

229 2010 307 2076 tiam,
323 2009 350 2063 iu
363 2007 418 2062 duo
431 2021 536 2078 genera
548 2003 694 2061 dividendi
707 2009 784 2072 suut,
802 2008 892 2060 aetate
912 2003 1052 2076 disparia,
1069 2008 1235 2063 auctoritate

229 2092 283 2147 nisi
296 2090 372 2163 quod
386 2090 560 2160 interpolatis
573 2086 649 2144 nulla
664 2088 722 2144 iere
736 2088 809 2158 fides
828 2087 958 2145 habenda
977 2094 1020 2143 est
1035 2104 1126 2160 paene
1143 2092 1235 2161 paria,

228 2175 405 2248 nequeenim
419 2163 491 2230 ullus
507 2174 597 2229 codex
611 2178 757 2244 tantopere
774 2169 946 2246 praestantia
961 2188 1013 2227 sua
1031 2174 1153 2244 reliquos
1172 2176 1235 2231 vin·

229 2261 281 2327 cit,
294 2265 323 2313 ut
334 2257 363 2314 hi
376 2259 459 2330 plane
469 2257 658 2334 postponendi
670 2247 738 2323 sint,
751 2257 912 2328 quinetiam
930 2271 965 2310 nc
982 2256 1155 2328 interpolatis
1174 2260 1236 2330 qui·

230 2343 292 2398 dem
303 2357 419 2414 prorsus
432 2357 527 2397 carere
539 2341 649 2411 possis,
670 2341 800 2411 quoniam
812 2341 848 2396 ad
860 2342 975 2412 stirpem
988 2357 1067 2395 suam
1078 2338 1170 2404 relati,
1185 2341 1237 2397 du·
1256 2364 1257 2373 ¹

229 2427 307 2482 cibus
320 2426 397 2482 libris
409 2441 464 2480 non
477 2425 648 2496 interpolatis
657 2424 712 2492 ,de
728 2425 845 2479 lectione
857 2425 957 2495 aliqua·
968 2426 1014 2479 vel
1026 2424 1174 2480 *scribendi
1192 2441 1236 2481 cr·

229 2522 292 2564 rore
303 2507 471 2564 dubitantem
482 2500 685 2566 confirmant'et
702 2511 731 2564 in
742 2516 847 2565 rectam
860 2507 936 2562 viam
949 2502 1099 2564 deducunt.

381 2659 401 2712 l.
422 2657 466 2734 Ad
476 2661 558 2730 prius
567 2675 653 2732 penus
664 2658 808 2714 referendi
822 2664 888 2713 sunt
895 2658 925 2724 hi
936 2659 1009 2715 libri.

315 2751 633 2832 connumerem)
652 2759 718 2812 olim
738 2759 765 2812 in
777 2757 944 2813 bibliotheca
959 2757 988 2814 S.
999 2756 1191 2828 ¹Germanensi
1208 2777 1237 2816 n.

231 2847 308 2912 1165,
318 2856 391 2897 nuno
404 2841 435 2899 iu
447 2841 526 2911 regia
537 2841 702 2909 Parisiensi,
719 2843 948 2902 membranaceus
967 2843 1056 2897 fornia
1076 2841 1115 2896 lV
1125 2842 1239 2897 maiori.

230 2927 257 2982 Is
269 2926 340 2992 iuter
352 2937 448 2996 omnes
466 2923 552 2979 libros
564 2924 609 2994 qui
623 2923 715 2979 adhuc
728 2924 821 3000 collati
836 2933 901 2980 sunt
914 2927 998 2998 longe
1007 2923 1060 2981 est
1077 2925 1240 2996 antiquissi-

231 3024 307 3078 mus,
320 3009 439 3078 scriptus
452 3007 524 3062 enim
538 3014 584 3064 cst
596 3024 668 3062 anno
683 3010 760 3068 1375.
787 3008 833 3076 Au
850 3011 1004 3082 marginem
1020 3015 1047 3064 ct
1063 3009 1239 3065 interlineas

231 3107 331 3148 manus
344 3107 399 3146 non
411 3091 501 3146 minus
514 3092 627 3163 antiqua
646 3093 797 3148 lectionum
806 3094 964 3166 ‘varietates
983 3093 1147 3164 adscripsit,
1163 3109 1239 3164 quae

231 3177 379 3232 maximam
391 3181 497 3246 partem
510 3191 572 3232 cum
585 3177 629 3245 iis,
641 3193 711 3248 quas
723 3194 739 3232 e
749 3178 933 3233 Laurentiano
949 3178 1071 3233 enotavit
1082 3176 1241 3233 Lachman-

232 3275 294 3327 nus,
308 3259 490 3316 consentiunt.
502 3258 533 3314 ln
544 3263 668 3316 extremo
681 3261 749 3315 libro
761 3267 826 3333 post
837 3277 951 3330 ‚persus
962 3262 1063 3318 domini
1071 3261 1243 3318 Benevenuti

101 3329 102 3336 ἵ
119 3410 120 3415 ¹
233 3342 267 3398 de
278 3343 464 3416 camposauro
479 3342 513 3404 dc
531 3343 657 3400 Viceacio
672 3344 706 3399 de
717 3349 918 3401 resurrectione
929 3345 1027 3404 Catulli
1033 3353 1133 3417 poetic
1149 3344 1239 3400 Vero—

232 3427 342 3482 nensis“
354 3442 425 3497 quos
439 3427 509 3480 inira
520 3444 638 3498 ponem,
655 3427 726 3483 haec
743 3430 887 3501 leguntur:
917 3427 958 3484 Tu
973 3430 1058 3485 lector
1073 3430 1240 3500 quicunque,

233 3507 271 3564 cd
285 3511 361 3566 mita
372 3507 524 3570 mauritio
541 3511 643 3574 libellus
659 3510 807 3582 obvenerit,
821 3509 954 3583 scriptori
967 3513 1140 3584 docenium,
1150 3513 1178 3566 si
1192 3512 1243 3567 tibi

233 3599 380 3663 corruptus
405 3593 550 3665 videbitur,
567 3593 695 3668 quonism
711 3612 730 3650 o
746 3597 952 3668 corruptissimo
968 3597 1122 3667 esmnplori
1140 3603 1239 3651 trans-

234 3673 353 3746 scripsit.
377 3685 378 3688 ’
396 3671 456 3732 Noa
473 3679 542 3732 enim
562 3679 708 3751 quodpiam
719 3679 799 3736 atiud
813 3679 940 3752 aiebat,
955 3679 1029 3737 unde
1043 3684 1137 3750 posset
1157 3679 1244 3736 bueus·
