2717 4325
456 438 646 501 monn
685 437 869 518 n,1,s‚a.
1102 436 1144 501 23

240 620 256 673 5
277 607 374 672 Fulvo
383 628 469 669 coma
480 613 529 667 est
538 605 711 686 longaeque
722 625 839 683 manus,
851 611 884 665 et
893 606 1021 665 maxims
1031 610 1098 665 toto

317 693 470 772 Corpore,
482 698 515 751 et
525 689 641 750 incedit
653 688 703 749 vel
714 691 785 749 love
797 689 889 767 digna
899 709 999 767 soror,

277 780 340 839 Aut
351 795 419 835 curn
430 773 587 834 Dulichias
607 768 711 833 Pallas
723 774 873 853 spatiatur
885 771 924 833 ad
935 793 1013 851 aras,
1026 775 1029 779 ’

318 859 471 939 Gorgonis
485 858 662 937 anguiferae
673 865 783 937 pectus
795 862 904 937 operta
915 858 1019 918 comis.

277 942 381 1020 Qualis
395 949 427 1003 et
437 943 633 1023 Ischomache
643 942 793 1020 Lapithae
805 959 902 1019 genus
912 940 1053 1018 heroine,

225 1034 259 1091 111
320 1028 483 1087 Centauris
494 1025 596 1085 medio
609 1031 696 1103 grata
705 1025 813 1103 rapina
823 1042 920 1100 mero,

277 1111 436 1172 Mercurio
449 1115 482 1169 et
493 1108 607 1169 sanctis
618 1108 720 1167 fertur
730 1107 905 1167 Boebeidos
915 1106 1007 1168 undis

318 1194 501 1272 Virgineum
511 1194 615 1251 Brimo
629 1192 837 1269 composuisse
848 1189 939 1252 lutus.

278 1275 390 1337 Cedite
400 1278 471 1353 iam,
483 1274 581 1352 divae,
593 1293 666 1352 quas
676 1279 783 1354 pastor
794 1272 915 1335 viderat
925 1272 999 1333 olim

317 1358 416 1420 ldocis
427 1360 546 1418 tunicas
557 1375 675 1437 ponere
685 1357 862 1417 verticibus.

225 1453 257 1506 15
278 1444 367 1503 Hanc
378 1444 495 1503 utinam
508 1442 619 1501 iaciem
629 1440 709 1501 nolit
720 1445 839 1500 mutare
851 1445 1006 1518 senectus,

318 1527 386 1588 Etsi
398 1527 549 1587 Cumaeae
561 1522 683 1585 saecula
692 1526 769 1583 vatis
781 1530 860 1603 aget.

238 1657 261 1751 3
280 1655 343 1761 ilci
354 1690 468 1753 nullam
478 1693 537 1751 tibi
549 1690 673 1751 dicebas
687 1693 748 1751 iam
758 1710 850 1771 posse
859 1708 986 1769 nocere,

318 1776 465 1853 Haesisti,
477 1774 591 1835 cecidit
602 1777 729 1855 spiritus
740 1774 794 1835 ille
805 1782 885 1836 tuus.

278 1858 338 1920 Vix
349 1877 441 1917 unum
450 1864 551 1936 potes,
563 1857 682 1934 infelix,
693 1860 894 1937 requiescere
905 1876 1053 1936 mensem,

318 1941 360 1999 Et
370 1942 470 2019 turpis
481 1940 520 1999 de
531 1947 564 2000 te
575 1943 634 2001 iam
644 1940 727 2000 liber
739 1941 818 2001 ulter
830 1943 900 2001 erit.

241 2038 257 2088 5
279 2023 481 2100 Quaerebam,
493 2025 575 2083 sicca
585 2026 611 2082 si
621 2030 728 2103 posset
738 2026 832 2102 piscis
843 2041 936 2083 arens

317 2107 383 2169 Nec
395 2104 504 2168 solitus
515 2111 611 2187 ponto
622 2108 726 2166 vivere
737 2113 843 2167 tomus
854 2124 939 2186 aper,

277 2193 340 2252 Aut
350 2211 407 2270 ego
421 2194 447 2252 si
455 2209 579 2272 possem
590 2190 701 2251 studiis
711 2189 840 2269 vigilare
851 2191 984 2251 severis:

317 2277 480 2355 Differtur,
492 2295 655 2354 numquam
664 2273 786 2335 tollitur
795 2273 878 2336 nllus
890 2294 983 2334 amor.
1034 2285 1037 2289 “

276 2359 342 2420 Nec
353 2378 402 2418 me
413 2366 475 2420 tam
485 2361 593 2435 facies,
606 2359 740 2438 quamvis
752 2361 793 2419 sit
804 2357 942 2435 candida,
954 2358 1039 2438 cepit

224 2452 258 2505 10
341 2441 422 2502 Lilia
432 2463 495 2502 non
506 2441 628 2502 domina
639 2443 702 2502 sint
713 2445 807 2520 magis
819 2441 887 2502 alba
896 2459 981 2516 mes3

276 2525 319 2585 Ut
368 2527 485 2585 aeolica
494 2527 545 2586 nix
556 2527 650 2585 minio
662 2527 690 2585 si
701 2532 803 2586 certet
812 2526 944 2603 Hibero,

317 2609 422 2688 thue
434 2627 523 2669 rosae
534 2629 612 2688 puro
622 2609 704 2670 lacte
715 2615 822 2669 natant
831 2603 939 2694 folia),

275 2692 341 2752 Nec
353 2690 393 2753 de
404 2711 490 2752 more
502 2711 606 2752 comae
616 2711 674 2772 per
684 2690 766 2753 levia
776 2692 858 2753 colla
867 2695 1011 2771 licentes,

317 2775 386 2836 Non
401 2775 491 2853 oculi,
503 2779 652 2856 geminae,
664 2775 769 2836 sidera
778 2784 895 2855 nostru,
909 2777 1005 2854 iaces,

224 2867 257 2920 15
278 2858 342 2920 Nec
354 2862 380 2921 si
392 2881 452 2939 quo
462 2862 577 2921 Arabio
588 2861 673 2922 lucet
684 2862 835 2940 bombyce
845 2860 950 2942 puella

317 2935 407 3028 [Non
418 2964 485 3006 sum
496 2943 541 3006 do
546 2944 643 3004 nihilo
655 2943 786 3005 blandus
801 2951 918 3005 amator
929 2937 1021 3029 ego),

276 3026 428 3103 Quantum
440 3027 523 3106 qnod
532 3030 633 3108 posito
645 3029 781 3088 formose
792 3027 884 3088 sultat
893 3028 1012 3105 laccho,

314 3111 387 3188 Egit
398 3116 432 3169 ut
443 3112 592 3170 cubantes
603 3109 664 3168 dux
675 3110 811 3169 Ariadna
822 3112 944 3188 choros,
1027 3177 1030 3183 ,

253 3199 255 3204 “
275 3192 317 3253 Et
328 3198 484 3271 quantum,
495 3193 604 3254 Aeolio
617 3211 685 3251 cum
696 3198 827 3272 temptat
838 3195 972 3253 carmina
984 3193 1118 3273 plectro,
1206 3227 1211 3236 ·

220 3285 256 3339 lo
317 3276 378 3336 Par
389 3277 587 3355 Aganippeae
598 3273 709 3334 ludere
721 3273 812 3335 docta
821 3275 918 3354 lyrae,

274 3359 317 3422 nt
327 3379 381 3421 sua
393 3379 461 3419 cum
472 3361 616 3438 antiquae
628 3359 791 3419 committit
803 3361 919 3438 scripta
929 3359 1084 3422 corinnae

316 3445 520 3523 carminaque
531 3444 666 3504 Erinnes
677 3463 740 3502 non
750 3449 839 3523 putat
849 3461 946 3521 sequa
957 3444 1029 3503 suis.

272 3526 352 3587 Num
363 3529 420 3587 tibi
431 3529 570 3587 nascenti
577 3528 700 3608 primis,
711 3545 780 3587 mea
789 3528 862 3605 vitu,
874 3525 984 3586 diebus

314 3611 471 3672 Candidus
483 3618 623 3690 argutum
634 3613 768 3672 sternuit
779 3630 869 3672 omen
880 3611 999 3671 Amor?

219 3701 253 3756 25
273 3695 359 3756 llaec
373 3693 430 3756 tibi
443 3693 641 3775 contulerunt
652 3694 798 3756 caelestia
809 3715 936 3757 munera
947 3693 1020 3773 divi,
