2717 4325
191 392 231 452 56
458 390 603 452 TlBULLI
625 392 694 452 ΗΒ.
712 391 761 452 lv.
779 403 934 457 1ο.11.11.

232 558 375 620 Scortum
396 579 486 640 quom
506 559 595 620 Servi
616 560 678 620 lilio
701 558 852 641 Sulpicia:

189 641 325 704 Solliciti
346 649 418 704 runt
436 663 494 724 pro
513 644 618 721 nobis,
641 644 751 720 quibus
773 643 829 704 illo
848 643 949 706 dolori
971 653 1036 727 eet,

230 727 279 788 Ne
300 726 407 789 cellam
427 729 535 806 ignoto
557 728 684 787 maximo
705 748 794 789 eausa
815 736 894 794 toro.

662 944 720 1006 Xl.

189 1031 290 1126 Estne
312 1064 386 1141 tibi,
409 1063 576 1140 Cerintho,
599 1069 669 1122 tuoe
689 1063 740 1142 pio
761 1083 833 1122 curo
853 1062 979 1146 puellae

231 1147 321 1225 Quod
342 1165 409 1208 meo
430 1165 511 1206 nuno
532 1152 622 1206 vexat
643 1165 775 1227 corpora
796 1147 878 1208 serso
901 1147 1008 1209 color?

187 1233 237 1294 Ah
257 1251 314 1311 ego
334 1251 398 1291 non
418 1229 511 1290 aliter
529 1231 636 1290 tristes
659 1231 802 1290 evincere
825 1233 949 1293 morbos

230 1316 386 1397 0ptorim,
410 1333 500 1394 quom
521 1320 554 1372 te
574 1316 601 1373 oi
622 1332 745 1392 quoquo
766 1313 848 1376 velle
866 1323 980 1396 putem.

188 1403 229 1465 At
248 1401 325 1460 mihi
347 1397 422 1480 quid
442 1399 543 1479 prosit
563 1399 689 1457 morbos
711 1399 871 1478 evincere,
896 1421 987 1480 quum
1008 1407 1041 1460 tu

229 1485 343 1546 Nostro
363 1491 453 1564 poteo
473 1480 562 1541 lento
583 1487 714 1562 pectore
735 1481 822 1542 ferre
845 1481 948 1544 mola?

648 1696 727 1759 XII.

188 1789 238 1884 Ne
260 1819 318 1880 tibi
341 1819 414 1894 sim,
434 1833 501 1876 meo
520 1812 588 1894 lox,
610 1834 709 1894 oeque
730 1817 791 1875 iam
811 1816 931 1877 fervido
953 1837 1041 1898 curo,

229 1905 275 1965 Ac
296 1901 404 1963 videor
424 1919 537 1981 paucos
559 1900 747 1960 antefuisse
769 1899 852 1978 dies,

189 1990 239 2052 sic
262 1988 424 2068 quiequam
443 1991 509 2046 toto
530 1985 667 2045 commisi
689 1983 783 2046 stulto
805 1986 944 2062 iuventa,

230 2074 324 2134 Cuius
342 2089 391 2131 me
414 2071 514 2130 fateor
533 2069 723 2149 poenituisse
745 2070 857 2148 magis,

188 2160 346 2221 Hesterno
366 2175 455 2235 quom
477 2160 509 2215 te
530 2151 629 2215 solum
649 2150 732 2233 quod
752 2160 845 2215 nocte
866 2149 998 2233 reliqui,

230 2242 383 2303 Ardorem
406 2240 532 2320 cupieos
555 2234 750 2298 dissimulare
769 2257 878 2299 meum.

619 2572 625 2575 .
631 2570 791 2577 ...w-...w-
