2717 4325
448 426 835 522 uranumao.
1078 446 1120 509 oo

192 618 229 670 50
292 606 404 668 Ordiar
416 614 449 668 et
460 626 548 670 caeso
559 610 682 669 moenia
691 610 780 670 iirma
788 609 896 689 hmo,

249 691 450 770 Eductosque
459 710 551 772 pares
562 690 697 752 silvestri
708 712 746 753 er
756 695 854 754 ubere
864 713 967 773 reges,

291 776 423 836 crescet
434 781 466 835 et
476 777 632 853 ingenium
643 778 700 836 sub
711 783 765 837 tua
773 779 857 837 iussa
867 797 979 858 meum,

247 859 425 939 Prosequor
437 864 470 918 et
481 878 589 919 currus
600 865 734 939 utroque
747 863 785 921 ab
795 860 892 921 litore
904 868 1040 942 ovantes,

286 944 473 1003 Parthorum
485 950 603 1003 astutae
614 942 681 1004 tela
690 946 819 1005 remissa
829 947 931 1025 fugae,
993 932 1006 955 ⁹

193 1037 228 1087 55
251 1026 421 1105 Castraque
431 1026 537 1087 Pelusi
548 1027 685 1086 Romano
697 1029 824 1087 subruta
834 1029 932 1107 ferro,

287 1111 465 1190 Antonique
477 1128 585 1188 graves
595 1110 629 1168 iu
640 1128 694 1168 sua
704 1110 768 1169 lata
778 1131 893 1173 manus.

246 1192 352 1253 Mollis
363 1199 398 1252 tu
409 1201 538 1272 coeptae
545 1193 652 1252 fautor
664 1212 739 1273 cepe
749 1192 818 1254 lora
827 1196 981 1273 iuventae,

288 1277 485 1354 Dexteraque
496 1276 630 1335 inmissis
642 1274 682 1335 da
691 1278 767 1337 mihi
778 1280 865 1357 signa
877 1280 965 1339 rotis.

245 1361 314 1420 Hoc
324 1360 411 1435 mihi,
423 1358 600 1436 Maecenas,
611 1358 713 1420 laudis
724 1360 881 1440 concedis,
894 1368 998 1422 etate
1009 1369 1068 1441 est,

190 1452 228 1506 60
289 1441 380 1517 Quod
390 1442 476 1502 ferar
487 1444 520 1501 iu
530 1450 636 1523 partes
647 1445 715 1524 ipse
726 1445 823 1506 fuisse
833 1451 911 1507 tuas.

200 1573 227 1665 ll
244 1574 397 1688 Mirabar,
409 1608 554 1690 quidnam
563 1612 721 1671 misissent
731 1630 819 1675 mane
832 1615 995 1691 Camenae,
1061 1575 1118 1675 10

285 1694 368 1753 Ante
379 1712 480 1754 meum
491 1699 609 1755 stantes
621 1693 689 1755 sole
701 1696 834 1756 rubente
845 1702 956 1758 torum.

155 1831 157 1835 ,
244 1775 361 1835 Natalis
376 1784 501 1837 nostrae
513 1779 633 1856 signum
643 1780 758 1839 misere
768 1776 891 1859 puellae

262 1864 267 1870 '
284 1859 326 1917 lat
337 1861 475 1919 manibus
486 1860 603 1921 faustos
613 1867 664 1921 ter
676 1880 828 1940 crepuere
842 1881 943 1924 sonos.
1000 1904 1004 1909 -

206 1949 224 2001 5
246 1940 401 2001 Transeat
410 1943 461 2001 hic
473 1944 541 2001 siue
553 1945 635 2003 nube
647 1944 725 2021 dies,
737 1949 823 2003 stent
833 1963 907 2004 aere
917 1947 1012 2024 venti,

178 2042 190 2076 ·.
285 2024 386 2085 Ponat
397 2027 566 2085 etinsicco
578 2025 715 2086 molliter
724 2026 807 2086 unda
817 2029 922 2087 minas.
966 2095 974 2109 ο

244 2109 401 2189 Aspiciam
411 2106 514 2169 nullos
526 2107 678 2170 hodierna
687 2109 757 2170 luce
772 2108 926 2188 dolentes,

284 2193 327 2254 Et
336 2193 452 2253 Niobes
463 2193 605 2254 lacrimas
616 2196 787 2273 supprimat
796 2195 865 2273 ipse
875 2192 966 2273 lapis,

243 2274 416 2356 Alcyouum
426 2279 537 2358 positis
549 2279 747 2356 requiescant
758 2297 813 2337 ora
824 2275 985 2355 querellis,

191 2369 225 2422 10
286 2361 432 2439 Increpet
444 2362 635 2439 absumptum
645 2378 705 2420 nec
715 2381 769 2420 sua
780 2367 879 2420 mater
889 2361 984 2439 ltym3

245 2443 368 2522 Tuque,
382 2463 400 2502 o
413 2463 483 2502 cara
495 2443 580 2520 mihi,
591 2443 735 2504 felicibus
747 2443 832 2504 edita
842 2445 964 2524 pennis,

285 2527 385 2605 Surge
398 2532 430 2586 et
440 2533 606 2606 poscentes
617 2529 697 2587 iusta
707 2546 839 2607 precare
851 2526 934 2588 deos.

243 2611 289 2670 Ac
300 2613 433 2689 primum
443 2629 521 2690 pura
532 2630 671 2671 somnum
682 2613 740 2672 tibi
752 2611 872 2672 discute
883 2610 1008 2690 lympha

159 2743 166 2754 .
285 2694 328 2752 Et
338 2692 453 2754 nitidas
464 2710 575 2774 presso
587 2693 703 2774 pollice
713 2697 796 2774 tinge
808 2715 925 2756 comas:

190 2785 222 2838 15
243 2776 333 2854 Dein,
346 2797 405 2858 qua
414 2779 546 2859 primum
558 2779 663 2840 oculos
675 2774 787 2860 cepisti
797 2785 884 2840 veste
894 2778 1052 2859 Properti,

283 2859 379 2922 Indue
390 2865 449 2922 nec
461 2883 588 2924 vacuum
598 2865 677 2924 flore
688 2863 834 2944 relinque
847 2869 947 2945 caput,

240 2945 283 3004 nt
292 2952 377 3026 pete,
391 2967 450 3026 qua
460 2947 573 3029 polles,
586 2954 620 3006 ut
631 2950 671 3008 sit
681 2950 741 3009 tibi
750 2949 850 3008 forma
859 2948 1018 3027 perennis,

281 3029 378 3108 Inque
390 3049 492 3090 meum
503 3048 627 3109 semper
637 3037 723 3089 stent
732 3035 785 3088 tua
794 3049 890 3107 regna
901 3035 1000 3108 caput

241 3110 316 3170 lude
329 3117 490 3170 coronatas
503 3114 557 3171 ubi
567 3116 638 3168 ture
650 3112 785 3188 piaveris
797 3131 876 3188 aras,

70 3247 72 3272 ,
188 3201 223 3256 20
283 3192 532 3253 Luseritattota
541 3191 937 3268 flammasecundadomo,

242 3278 291 3338 sit
301 3295 426 3337 mensae
438 3277 529 3352 ratio,
540 3289 663 3350 noxque
673 3273 758 3331 inter
769 3273 881 3350 pocula
893 3280 1008 3351 currat,

281 3361 324 3421 Et
335 3361 459 3421 crocino
470 3358 554 3417 naris
565 3374 707 3420 murreus
718 3361 812 3434 ungat
823 3375 913 3435 onyx,
965 3405 969 3410 .

243 3444 335 3506 'libia
345 3444 506 3505 nocturnis
518 3441 697 3500 succumbat
707 3458 800 3500 rauca
812 3440 945 3515 choreis,

281 3528 324 3588 nt
335 3529 398 3587 sint
407 3526 565 3606 nequitiae
575 3521 676 3585 libera
686 3526 782 3584 verba
792 3532 875 3601 tuae,

189 3619 222 3672 25
243 3609 415 3688 Dulciaque
425 3611 563 3688 ingratos
575 3607 709 3670 adimant
719 3609 857 3670 convivia
867 3623 1000 3682 somnos,

282 3692 412 3754 Publica
422 3695 540 3754 vicinae
550 3699 730 3775 perstrepat
740 3712 814 3752 aura
822 3693 906 3751 viae:
