2717 4325
173 425 214 488 28
521 417 668 478 TlBUttl
689 418 757 478 Llll.
771 417 807 476 11.
821 428 847 481 3.

215 593 297 652 Hinc
319 608 428 666 cruor,
448 589 522 648 binc
544 585 655 648 caedes
674 605 759 646 mors
779 587 970 667 propiorque
990 589 1084 650 venlt

171 673 292 737 l’raeda
312 693 388 753 rago
406 673 497 732 iussit
518 673 675 750 geminare
696 667 835 751 pericula
855 677 970 750 ponto,

214 758 332 820 Bellica
355 777 424 818 cunr
445 755 547 815 dubiis
567 761 670 815 rostra
691 753 779 815 dedit
799 755 926 816 ratibus.
1140 767 1178 822 aa

172 841 345 904 Praedator
367 842 453 922 cupit
470 841 627 900 inmensos
649 837 795 898 obsidere
818 857 957 919 campos,

213 929 258 988 Ut
278 926 375 986 multa
394 927 556 984 innumera
577 925 684 1002 iugera
703 928 809 1003 pascat
831 942 904 996 ove3

174 1012 233 1072 Cui
252 1008 333 1091 lapis
356 1016 502 1070 externus
524 1026 616 1068 curae
638 1013 702 1084 est,
724 1007 871 1084 urbisque
892 1007 1039 1070 turnultus

214 1094 363 1154 l’ortatur
385 1091 495 1152 validis
516 1091 603 1151 mille
625 1090 767 1151 columna
786 1091 883 1169 iugis,

172 1177 296 1240 claudit
318 1184 351 1237 et
366 1175 548 1236 indomitum
568 1174 667 1236 moles
685 1192 786 1253 mare,
807 1173 911 1235 lentus
933 1181 967 1234 ut
987 1176 1069 1235 intra
1103 1198 1110 1208 ⁸
1141 1185 1177 1238 45

214 1260 359 1340 Negligat
379 1261 525 1320 hibernas
546 1261 641 1340 piscis
663 1257 772 1319 adesse
794 1261 900 1318 minas.

171 1347 214 1406 At
235 1346 294 1405 tibi
314 1343 397 1404 laeta
418 1344 542 1403 trabant
561 1343 681 1403 Samiae
701 1344 838 1403 convivia
859 1349 959 1403 testae

213 1429 364 1508 Fictaque
387 1428 522 1497 Cumana
541 1424 662 1487 lubrica
683 1433 768 1487 terra
788 1432 866 1486 rota.

173 1512 244 1573 Heu
261 1513 324 1572 beu
347 1509 493 1571 divitibus
514 1509 605 1569 video
627 1510 762 1588 gaudere
783 1508 920 1591 puellas:

214 1596 276 1656 lam
296 1596 421 1656 veniant
441 1592 593 1674 praedae,
611 1596 638 1654 si
659 1596 765 1656 Venus
787 1601 874 1675 optat
896 1613 989 1675 opes;
1142 1606 1180 1656 50
1285 1597 1286 1654 3

174 1679 217 1740 Ut
235 1697 303 1739 mea
323 1676 445 1738 luxuria
465 1677 605 1737 Nemesis
626 1679 702 1738 fluat
722 1683 816 1757 utque
837 1697 895 1760 per
916 1681 1024 1738 urbem

215 1760 341 1822 lneedat
362 1760 451 1820 donis
474 1762 691 1841 conspicienda
710 1765 795 1823 meis.

172 1843 230 1905 llla
252 1852 340 1925 gerat
360 1852 472 1913 vestes,
485 1851 611 1924 tenues,
635 1866 710 1926 quas
731 1847 846 1931 femina
868 1846 931 1907 Coa

216 1929 347 2008 Texuit,
367 1935 487 1989 auratas
509 1927 722 2010 disposuitque
740 1932 819 1990 vias:

173 2010 223 2072 llli
246 2014 308 2073 sint
326 2014 455 2074 comites
476 2013 569 2090 fusci,
593 2034 669 2092 quos
691 2014 776 2074 lndla
798 2020 915 2092 torret,
1142 2024 1176 2074 55
1285 2035 1286 2048 ’

216 2094 299 2156 Solis
321 2102 353 2157 et
374 2095 505 2156 admotis
526 2098 626 2158 inficit
646 2099 726 2177 ignis
749 2099 854 2179 equis:

173 2178 221 2242 llll
243 2179 377 2241 selectos
398 2187 522 2247 certent
542 2184 695 2259 praebere
718 2183 838 2242 colores

215 2264 323 2324 Africa
341 2266 506 2345 puniceum
526 2283 777 2345 purpureumque
800 2264 911 2343 Tyros.

171 2348 253 2409 Nota
274 2345 400 2428 loquor:
419 2367 548 2427 reguum
570 2349 638 2427 ipse
660 2348 764 2420 tenet,
788 2367 878 2426 quem
899 2366 992 2428 saepe
1012 2351 1113 2428 coegit
1192 2400 1197 2409 .

214 2432 352 2493 Barbara
372 2437 517 2513 gypsatos
539 2432 625 2491 ferre
649 2437 764 2492 catasta
785 2432 892 2513 pedes.
1141 2442 1179 2495 60

173 2516 222 2576 Sit
241 2517 299 2576 tibi
322 2513 398 2575 dura
420 2535 527 2594 seges,
549 2515 704 2577 Nemesim
728 2517 780 2596 qui
803 2517 929 2577 abducis
953 2518 989 2578 ab
1009 2520 1103 2594 urbe,

214 2596 378 2661 Persolvat
400 2599 486 2660 nulla
508 2602 625 2660 semina
646 2608 731 2661 terra
752 2601 824 2662 fide.

173 2684 215 2744 nt
237 2691 285 2763 tu,
307 2684 429 2744 Bacche
449 2691 557 2761 tener,
578 2684 731 2745 iucundae
752 2686 888 2745 consitor
911 2704 1003 2763 uvae,

216 2768 266 2827 Tu
283 2787 406 2847 quoque
428 2767 572 2846 devotos,
593 2769 730 2844 bacche,
752 2767 896 2848 relinque
917 2767 1009 2829 lacus.

172 2850 263 2911 Haud
281 2853 406 2933 impune
425 2849 503 2912 licet
523 2853 673 2912 formosas
695 2852 837 2912 tristibus
858 2854 939 2931 agris
1055 2884 1061 2892 ·
1143 2862 1178 2915 65

214 2934 355 2997 Abdere:
378 2956 441 2996 non
463 2938 540 2997 tanti
562 2941 634 2997 sunt
655 2939 707 2994 tua
725 2941 840 3014 musta,
861 2943 960 3016 pater.

174 3018 200 3078 0
221 3015 344 3080 valeant
364 3020 488 3100 fruges,
510 3040 550 3081 ne
572 3022 635 3080 sint
656 3017 748 3078 modo
770 3038 844 3079 rure
864 3018 1004 3100 puellae:

216 3100 313 3163 Glans
334 3100 413 3182 5155,
436 3111 470 3165 55
488 3106 592 3185 prisco
614 3122 701 3164 more
724 3104 869 3163 bibantur
891 3123 996 3183 aquae.

174 3184 270 3247 Glans
290 3185 365 3248 aluit
384 3195 526 3265 setores,
549 3194 582 3247 55
599 3189 713 3268 passim
735 3206 858 3268 semper
880 3195 1034 3249 amarunt:

216 3268 298 3347 Quid
318 3273 424 3331 nocuit
444 3269 546 3331 sulcos
567 3290 630 3331 non
649 3272 793 3332 babuisse
817 3273 923 3333 satos?
1142 3279 1177 3333 70

176 3354 267 3433 Tum,
291 3356 401 3436 quibus
423 3355 578 3434 aspirabat
597 3356 708 3432 Amor,
730 3357 900 3436 praebebat
922 3362 1030 3437 aperte

215 3440 304 3501 Mitis
325 3441 358 3500 in
380 3439 523 3499 umbrosa
544 3438 652 3516 gandia
671 3437 754 3499 valle
776 3440 892 3502 Venus.

172 3521 283 3584 Nullus
305 3528 373 3582 erat
395 3526 515 3599 custos,
536 3522 622 3582 nulla
643 3521 805 3585 exclusura
827 3523 971 3585 dolentes

214 3608 321 3667 lanua:
344 3606 370 3664 si
389 3606 436 3665 ias
458 3612 521 3683 est,
543 3625 608 3667 mos
629 3625 742 3688 precor
762 3606 819 3668 ille
842 3606 919 3669 redi.
