2717 4325
224 455 266 519 dd
424 456 614 520 ceruini
632 457 765 522 canit.
781 469 826 525 89.
841 467 884 524 90.
901 469 943 526 91.
958 469 1003 526 92.

347 599 418 684 Nec
430 626 552 702 genitor
569 625 775 707 Nympharum
796 625 893 691 abluit
914 628 1070 690 Oceanna:
1247 703 1249 708 s

308 706 384 767 Nam
397 707 476 768 nihil
490 715 540 768 eat
553 711 713 790 quicquam
726 709 864 790 amieria,
880 711 963 792 quud
975 712 1107 793 prodeat
1122 713 1218 791 ultra,

347 791 416 851 Non
436 792 464 854 ai
485 791 617 853 demiarc
639 813 675 855 re
694 797 760 876 ipae
779 803 869 856 voret
889 797 1000 877 capite.

624 1010 819 1078 LXXXIX.

309 1079 435 1177 Gelliua
454 1122 504 1178 cat
522 1118 639 1178 tenuia:
650 1117 736 1198 guid
755 1119 808 1178 nii
828 1117 878 1178 cni
896 1122 958 1178 tam
977 1119 1056 1179 bcua
1076 1125 1174 1178 mater

350 1198 488 1279 Tamque
506 1199 612 1262 calena
631 1202 712 1263 vivat
731 1208 853 1280 tamque
868 1207 995 1262 venusta
1015 1219 1104 1261 soror

311 1280 448 1363 Tamque
467 1286 566 1345 bcuna
584 1291 711 1365 patrnna
731 1291 853 1364 umque
873 1286 973 1344 omnia
990 1283 1083 1365 plena
1102 1281 1219 1365 puelli·

350 1365 511 1445 Gognntia,
534 1370 675 1446 quarela
697 1367 816 1430 derinat
836 1387 904 1430 ease
926 1368 1050 1430 maceri

274 1458 291 1509 5
311 1449 371 1527 Qui
389 1456 424 1510 nt
439 1449 519 1511 nihil
533 1453 675 1532 attingat,
691 1453 751 1513 niai
771 1450 852 1532 quod
870 1451 916 1512 ias
934 1458 1061 1532 tangere
1080 1459 1219 1531 ueneat,

351 1533 547 1611 Quantnmvie
568 1553 662 1614 qnare
682 1537 724 1598 ait
745 1553 846 1597 macer
862 1537 1008 1596 inveniea.

309 1794 461 1887 Naacatur
480 1828 589 1908 Magna
610 1845 648 1890 ex
667 1723 755 1889 gilii
772 1830 938 1909 mutriaqne
959 1825 1092 1889 nefando

352 1909 500 1990 Coniugio
522 1918 555 1973 et
575 1911 673 1973 discat
694 1913 850 1973 Peraicum
868 1913 1065 1992 aruspicium:

308 1994 385 2056 Nam
401 1995 510 2074 Magna
530 2013 568 2057 ex
585 2002 684 2057 matre
703 2003 736 2058 et
757 2004 847 2076 gnato
865 1998 1009 2076 gignatur
1029 1999 1169 2076 oportet,

332 2109 337 2122 ι
353 2077 386 2139 Si
405 2097 479 2140 vera
497 2086 545 2141 eat
564 2081 728 2140 Persarum
748 2082 841 2161 impia
860 2079 997 2158 relligio,

273 2161 426 2225 stimma
445 2171 482 2225 nt
499 2171 625 2246 accepto
640 2172 806 2227 veneretur
825 2165 958 2225 carmine
980 2161 1065 2223 dirce

349 2247 512 2312 omentum
532 2249 566 2309 in
584 2249 704 2309 flamma
725 2250 837 2329 pingue
856 2248 1065 2327 liquefaciens.

619 2387 822 2397 *ιο-ω...-

675 2450 767 2518 ch.

309 2522 381 2617 Non
398 2557 486 2635 ideo,
508 2555 608 2635 Gelli,
628 2558 788 2637 sperabam
807 2563 840 2617 te
859 2556 933 2616 mihi
952 2552 1046 2615 fidum

349 2641 383 2699 In
401 2643 513 2701 miaerc
534 2640 594 2701 hcc
613 2647 736 2717 noatro,
752 2641 812 2700 hoc
832 2638 955 2720 perdito
978 2655 1081 2699 amore
1100 2638 1187 2718 iore,

308 2721 398 2799 Quod
417 2728 451 2782 te
472 2741 651 2801 cognossem
671 2724 751 2783 bene
773 2730 998 2783 constantemve
1015 2729 1155 2803 putarem

350 2806 413 2865 Aut
432 2824 523 2885 pcaae
545 2825 563 2865 a
582 2806 666 2884 turpi
686 2802 820 2865 mentem
838 2806 981 2867 inhibere
1000 2806 1133 2887 probro.

274 2899 291 2950 5
312 2888 377 2949 Sed
388 2906 490 2969 neque
502 2887 585 2968 quud
598 2894 727 2949 matrem
739 2906 799 2951 uec
812 2908 983 2968 germanam
994 2907 1064 2949 care
1077 2889 1219 2951 videbam

350 2973 438 3033 lianc
457 2973 532 3051 tibi,
552 2972 637 3034 cuiun
658 2990 709 3032 me
729 2991 854 3052 magnus
874 2972 986 3035 edebat
1006 2990 1099 3035 amor.

308 3056 350 3117 nt
370 3058 504 3135 quamria
521 3062 624 3117 tecum
643 3054 739 3118 multo
761 3058 963 3135 coniungerer
983 3074 1056 3134 uun,

350 3140 419 3200 Non
437 3140 511 3200 satia
530 3138 563 3200 id
583 3158 691 3200 cannae
712 3138 904 3201 credideram
925 3158 993 3201 eaae
1013 3139 1080 3199 tibi.

308 3219 359 3283 Tu
378 3222 451 3283 tatia
471 3222 505 3292 id
526 3221 626 3284 duxti:
647 3228 765 3284 tantum
785 3224 843 3284 tibi
864 3222 1003 3303 gaudium
1024 3223 1057 3283 iu
1079 3223 1160 3282 omui

258 3316 291 3367 lo
353 3304 451 3386 culpa
469 3310 532 3386 eat,
551 3307 585 3367 in
607 3325 786 3387 quacunque
809 3313 857 3368 ert
877 3305 994 3387 rliquid
1015 3303 1154 3367 sceleris.
1288 3352 1289 3359 ι

644 3493 647 3499 ’
662 3498 771 3565 ΧΟΠ.

308 3566 485 3663 Lesbiam
506 3599 582 3663 dicit
601 3620 723 3684 aemper
741 3601 822 3665 male
841 3621 900 3665 uec
919 3608 1002 3665 tacet
1023 3620 1154 3682 unquam

349 3687 395 3746 tie
414 3705 479 3747 mex
499 3687 612 3749 Lesbia
631 3706 681 3749 me
702 3687 873 3769 dispeream
894 3688 954 3747 nini
975 3692 1063 3749 amat.
