2717 4325
180 399 217 461 14
524 389 669 452 TlBUldl
688 390 755 452 bili.
773 391 794 451 i.
811 402 837 456 6.

218 562 366 641 Servare,
388 561 506 622 frustra
525 558 621 620 clavis
641 562 726 620 inest
744 558 873 619 foribus.

175 646 223 709 Te
245 653 350 724 tenet,
374 647 520 705 absentes
542 641 620 704 alios
636 644 772 724 suspirat
792 662 913 704 amores

215 731 258 791 Et
278 727 402 791 simulat
421 729 523 788 subito
546 726 744 789 condoluisse
767 734 868 807 caput.

174 815 216 875 At
236 816 312 876 mibi
334 810 514 874 seruandam
536 811 663 872 credas:
685 831 749 872 non
771 830 860 872 saeva
882 829 992 872 recuso

216 898 373 971 Verbera,
397 896 537 957 detracto
556 915 620 957 non
641 915 699 974 ego
720 893 822 955 vincla
842 893 964 976 pedum.

175 981 255 1042 Tum
273 981 383 1063 procul
403 981 528 1058 absitis,
550 982 689 1060 quisquis
711 979 786 1040 colit
810 987 877 1040 arte
898 977 1041 1059 capillos,

215 1067 325 1126 Eitiuit
345 1067 444 1127 eiluso
465 1066 514 1124 cni
532 1070 603 1143 toga
623 1065 691 1125 lara
713 1066 797 1124 sinu:

175 1151 318 1229 Quisquis
341 1156 374 1210 ct
392 1154 551 1225 occurret,
572 1167 614 1208 ne
635 1150 735 1229 possit
759 1149 875 1209 crimen
895 1149 1030 1227 babere,

215 1235 285 1295 Stet
305 1233 429 1314 procul,
453 1240 505 1292 aut
526 1232 585 1295 alia
606 1239 670 1294 stet
688 1231 799 1313 procul
821 1239 893 1293 ante
914 1233 971 1293 via.

174 1317 226 1378 Sic
247 1319 318 1379 lieri
340 1319 428 1378 iubet
448 1319 517 1397 ipse
539 1316 633 1393 deus,
656 1318 701 1376 sic
723 1335 831 1396 magna
853 1315 998 1378 sacerdos

213 1402 271 1462 list
292 1403 368 1462 mibi
389 1401 492 1461 diuino
513 1403 677 1462 vaticinata
697 1420 788 1462 sono:
825 1415 831 1424 “

173 1485 274 1562 (llaec
296 1487 349 1546 ubi
368 1484 520 1545 Bellonae
539 1492 624 1545 motu
646 1491 696 1546 est
715 1487 844 1564 agitata,
867 1505 925 1546 nec
948 1502 1049 1544 aorem
1163 1495 1173 1508 ¹

213 1569 399 1648 Flammam,
421 1589 485 1629 non
506 1588 610 1630 amens
631 1571 763 1630 uerbera
786 1576 868 1630 torta
887 1570 991 1629 timet:

174 1654 243 1734 lpsa
264 1655 401 1734 bipenne
424 1672 495 1714 suos
518 1653 621 1714 caedit
638 1653 776 1714 violenta
794 1653 929 1714 lacertos

214 1738 369 1816 Sanguine
388 1744 421 1798 et
442 1739 541 1798 effuso
564 1740 682 1818 spargit
701 1736 800 1799 inulta
822 1737 927 1816 dcam,

173 1822 303 1901 Statque
321 1822 401 1883 latus
421 1823 558 1902 praefixa
574 1842 664 1900 veru,
687 1829 748 1884 stat
770 1824 871 1883 saucia
892 1829 1017 1902 pectus,

214 1907 256 1966 Iit
276 1908 358 1966 canit
378 1913 522 1984 eventus,
544 1926 620 1986 quos
640 1906 699 1967 dea
715 1926 823 1986 magna
845 1906 975 1984 monet.)

174 1991 332 2069 ‘Parcite,
355 2009 444 2070 quam
465 1988 600 2051 custodit
619 1992 733 2069 Amor,
754 1990 871 2052 violare
892 1989 1043 2071 puellam,

213 2074 260 2134 Ne
278 2077 384 2155 pigeat
403 2093 512 2154 magno
531 2081 604 2156 post
625 2074 771 2136 didicisse
793 2075 883 2136 malo.

173 2160 339 2239 Attigerit,
359 2157 504 2221 labentur
524 2179 617 2241 opes,
640 2165 675 2219 nt
697 2159 825 2221 vulnere
845 2167 952 2220 nostro
992 2170 993 2173 ’

214 2244 360 2322 Sanguis,
381 2252 415 2304 ut
435 2245 487 2304 iric
508 2246 609 2305 ventis
631 2243 838 2324 diripiturque
860 2246 959 2304 cinis.’

172 2330 213 2390 lit
235 2329 293 2388 tibi
314 2330 420 2388 nescio
442 2348 517 2408 quas
539 2328 632 2407 dixit,
655 2348 723 2388 mea
745 2328 848 2406 Delia,
869 2348 999 2408 poenas:

216 2412 249 2473 Si
271 2418 375 2473 tamen
396 2411 554 2490 admittas,
576 2414 617 2473 sit
633 2432 747 2493 precor
769 2412 823 2473 iila
845 2411 932 2473 levis.

171 2497 240 2557 Non
262 2515 320 2575 ego
342 2504 376 2556 te
397 2503 527 2577 propter
547 2516 641 2577 parco
664 2497 739 2575 tibi,
762 2496 818 2558 sed
839 2504 892 2557 tua
912 2504 1010 2557 mater

214 2581 267 2641 Me
287 2586 390 2641 movet
411 2588 504 2660 atque
526 2582 588 2641 iras
608 2600 702 2641 aurea
719 2583 816 2641 vincit
836 2602 918 2641 anns.

170 2665 256 2725 Haec
278 2666 353 2724 mibi
374 2671 407 2724 te
428 2664 553 2725 adducit
574 2668 713 2726 tenebris
735 2666 894 2745 multoque
915 2667 1027 2726 timore

213 2748 380 2826 Coniungit
400 2755 520 2809 nostras
542 2749 620 2809 clam
639 2751 792 2812 taciturna
810 2770 933 2829 manua,

173 2834 258 2893 llaec
280 2833 462 2912 foribusque
482 2840 585 2894 manet
606 2841 700 2894 noctu
722 2854 770 2895 me
793 2836 882 2895 affixa
904 2834 1076 2914 proculque

215 2918 383 2996 Cognoscit
403 2919 553 2998 strepitus
575 2938 624 2979 me
645 2920 792 2979 ueniente
811 2918 933 2999 pedum.

171 3003 249 3067 Vive
271 3001 323 3062 din
346 3004 438 3081 mibi,
461 3002 672 3063 dulcisonus:
695 3006 839 3083 proprios
859 3022 916 3083 ego
939 3011 1055 3080 tecum,

213 3087 262 3147 Sit
281 3086 372 3148 modo
394 3087 458 3163 ias,
478 3106 574 3147 annos
597 3088 804 3149 contribuisse
823 3087 923 3149 velim.

172 3172 220 3233 Te
242 3190 365 3252 semper
384 3179 548 3251 natamque
570 3179 651 3231 tuam
673 3177 707 3231 te
728 3180 858 3253 propter
880 3174 1001 3233 amabo:

214 3252 367 3335 Quicquid
389 3258 467 3335 agit,
490 3257 612 3335 sanguis
633 3262 804 3316 esttamen
825 3256 880 3317 illa
901 3265 980 3317 tuus.

172 3340 219 3400 Sit
238 3340 328 3400 modo
351 3347 449 3416 casta,
469 3339 563 3417 doce,
587 3341 721 3418 quamvis
743 3360 805 3400 non
825 3344 901 3402 vitta
921 3342 1030 3420 ligatos

214 3422 363 3505 Impediat
382 3426 485 3485 crines
506 3444 565 3484 nec
587 3424 666 3483 stola
686 3418 903 3505 longa'pedes.

170 3509 212 3569 bit
231 3505 307 3568 mibi
329 3510 391 3569 sint
411 3507 506 3569 durae
526 3508 632 3587 leges,
653 3507 779 3569 laudare
801 3529 859 3571 neo
882 3510 975 3571 ullam

214 3591 333 3652 Possim
355 3612 430 3671 ego,
451 3594 524 3671 quin
547 3592 652 3652 oculos
675 3600 801 3674 appetat
820 3594 874 3655 illa
895 3614 997 3672 meos,

173 3676 215 3736 let
235 3676 337 3754 siquid
355 3696 501 3757 peccasse
522 3683 628 3757 putet,
650 3675 807 3757 ducarque
828 3677 947 3758 capillis
