<?xml version="1.0" encoding="UTF-8"?>
<!DOCTYPE html PUBLIC "-//W3C//DTD XHTML 1.0 Transitional//EN"
    "http://www.w3.org/TR/xhtml1/DTD/xhtml1-transitional.dtd">
<html xmlns="http://www.w3.org/1999/xhtml" xml:lang="en" lang="en">
 <head>
  <title>
</title>
<meta http-equiv="Content-Type" content="text/html;charset=utf-8" />
  <meta name='ocr-system' content='tesseract 3.04.00' />
  <meta name='ocr-capabilities' content='ocr_page ocr_carea ocr_par ocr_line ocrx_word'/>
</head>
<body>
  <div class='ocr_page' id='page_1' title='image "./qvaleriicatulli00rossgoog_0182.png"; bbox 0 0 2717 4325; ppageno 0'>
   <div class='ocr_carea' id='block_1_1' title="bbox 212 411 869 480">
    <p class='ocr_par' dir='ltr' id='par_1_1' title="bbox 212 411 869 480">
     <span class='ocr_line' id='line_1_1' title="bbox 212 411 869 480; baseline -0.011 0"><span class='ocrx_word' id='word_1_1' title='bbox 212 411 257 480; x_wconf 76' lang='lat'><strong>12</strong></span> <span class='ocrx_word' id='word_1_2' title='bbox 509 411 869 476; x_wconf 77' lang='lat' dir='ltr'><strong>PllOl’lllll&#39;ll</strong></span> 
     </span>
    </p>
   </div>
   <div class='ocr_carea' id='block_1_2' title="bbox 240 579 1171 997">
    <p class='ocr_par' dir='ltr' id='par_1_2' title="bbox 240 579 1171 997">
     <span class='ocr_line' id='line_1_2' title="bbox 296 579 965 663; baseline -0.004 -18"><span class='ocrx_word' id='word_1_3' title='bbox 296 584 360 646; x_wconf 78' lang='lat' dir='ltr'><strong>Aut</strong></span> <span class='ocrx_word' id='word_1_4' title='bbox 369 584 397 644; x_wconf 87' lang='lat' dir='ltr'><strong>si</strong></span> <span class='ocrx_word' id='word_1_5' title='bbox 406 582 573 663; x_wconf 86' lang='lat' dir='ltr'><strong>despectus</strong></span> <span class='ocrx_word' id='word_1_6' title='bbox 582 583 686 662; x_wconf 83' lang='lat' dir='ltr'><strong>potuit</strong></span> <span class='ocrx_word' id='word_1_7' title='bbox 696 587 816 642; x_wconf 86' lang='lat' dir='ltr'><strong>mutare</strong></span> <span class='ocrx_word' id='word_1_8' title='bbox 828 579 965 642; x_wconf 85' lang='lat' dir='ltr'><strong>calores:</strong></span> 
     </span>
     <span class='ocr_line' id='line_1_3' title="bbox 339 663 984 747; baseline 0.002 -19"><span class='ocrx_word' id='word_1_9' title='bbox 339 667 419 728; x_wconf 87' lang='lat' dir='ltr'><strong>Sunt</strong></span> <span class='ocrx_word' id='word_1_10' title='bbox 431 685 554 747; x_wconf 90' lang='lat' dir='ltr'><strong>quoque</strong></span> <span class='ocrx_word' id='word_1_11' title='bbox 564 665 715 726; x_wconf 82' lang='lat' dir='ltr'><strong>trsuslato</strong></span> <span class='ocrx_word' id='word_1_12' title='bbox 726 663 836 743; x_wconf 79' lang='lat' dir='ltr'><strong>gandia</strong></span> <span class='ocrx_word' id='word_1_13' title='bbox 847 667 984 730; x_wconf 80' lang='lat' dir='ltr'><strong>servitio.</strong></span> 
     </span>
     <span class='ocr_line' id='line_1_4' title="bbox 296 748 1171 831; baseline 0.005 -20"><span class='ocrx_word' id='word_1_14' title='bbox 296 751 345 812; x_wconf 86' lang='lat' dir='ltr'><strong>Ml</strong></span> <span class='ocrx_word' id='word_1_15' title='bbox 360 768 465 831; x_wconf 88' lang='lat' dir='ltr'><strong>neque</strong></span> <span class='ocrx_word' id='word_1_16' title='bbox 482 767 584 810; x_wconf 75' lang='lat' dir='ltr'><strong>annue</strong></span> <span class='ocrx_word' id='word_1_17' title='bbox 602 748 695 809; x_wconf 83' lang='lat' dir='ltr'><strong>allam</strong></span> <span class='ocrx_word' id='word_1_18' title='bbox 710 766 814 828; x_wconf 89' lang='lat' dir='ltr'><strong>neque</strong></span> <span class='ocrx_word' id='word_1_19' title='bbox 825 749 862 810; x_wconf 87' lang='lat' dir='ltr'><strong>ab</strong></span> <span class='ocrx_word' id='word_1_20' title='bbox 873 749 931 811; x_wconf 87' lang='lat' dir='ltr'><strong>hac</strong></span> <span class='ocrx_word' id='word_1_21' title='bbox 943 749 1107 814; x_wconf 74' lang='lat' dir='ltr'>discedere</span> <span class='ocrx_word' id='word_1_22' title='bbox 1121 754 1171 815; x_wconf 78' lang='lat' dir='ltr'><strong>fas</strong></span> 
     </span>
     <span class='ocr_line' id='line_1_5' title="bbox 240 839 975 997; baseline -0.004 -17"><span class='ocrx_word' id='word_1_23' title='bbox 240 929 278 980; x_wconf 65' lang='grc' dir='ltr'>ιο</span> <span class='ocrx_word' id='word_1_24' title='bbox 341 918 477 997; x_wconf 79' lang='lat' dir='ltr'><strong>cynthio</strong></span> <span class='ocrx_word' id='word_1_25' title='bbox 485 918 585 997; x_wconf 91' lang='lat' dir='ltr'><strong>prirna</strong></span> <span class='ocrx_word' id='word_1_26' title='bbox 594 916 665 993; x_wconf 83' lang='lat' dir='ltr'><strong>fult,</strong></span> <span class='ocrx_word' id='word_1_27' title='bbox 676 839 893 994; x_wconf 64' lang='lat' dir='ltr'><strong>Cynthddtddis</strong></span> <span class='ocrx_word' id='word_1_28' title='bbox 904 918 975 978; x_wconf 87' lang='lat' dir='ltr'><strong>erit.</strong></span> 
     </span>
    </p>
   </div>
   <div class='ocr_carea' id='block_1_3' title="bbox 222 1049 1050 1165">
    <p class='ocr_par' dir='ltr' id='par_1_3' title="bbox 222 1049 1050 1165">
     <span class='ocr_line' id='line_1_6' title="bbox 222 1049 1050 1165; baseline -0.002 -20"><span class='ocrx_word' id='word_1_29' title='bbox 222 1049 276 1145; x_wconf 74' lang='lat'><strong>13</strong></span> <span class='ocrx_word' id='word_1_30' title='bbox 295 1049 358 1161; x_wconf 73' lang='lat' dir='ltr'><strong>Tu,</strong></span> <span class='ocrx_word' id='word_1_31' title='bbox 371 1083 455 1163; x_wconf 86' lang='lat' dir='ltr'><strong>qnod</strong></span> <span class='ocrx_word' id='word_1_32' title='bbox 465 1103 559 1165; x_wconf 85' lang='lat' dir='ltr'><strong>saepe</strong></span> <span class='ocrx_word' id='word_1_33' title='bbox 570 1084 666 1165; x_wconf 85' lang='lat' dir='ltr'><strong>soles,</strong></span> <span class='ocrx_word' id='word_1_34' title='bbox 676 1092 785 1146; x_wconf 87' lang='lat' dir='ltr'><strong>nostro</strong></span> <span class='ocrx_word' id='word_1_35' title='bbox 795 1085 956 1146; x_wconf 72' lang='lat' dir='ltr'><strong>laetabere</strong></span> <span class='ocrx_word' id='word_1_36' title='bbox 967 1103 1050 1164; x_wconf 86' lang='lat' dir='ltr'><strong>casu,</strong></span> 
     </span>
    </p>
   </div>
   <div class='ocr_carea' id='block_1_4' title="bbox 230 1167 1108 3766">
    <p class='ocr_par' dir='ltr' id='par_1_4' title="bbox 234 1167 1108 3096">
     <span class='ocr_line' id='line_1_7' title="bbox 338 1167 1013 1251; baseline 0.001 -22"><span class='ocrx_word' id='word_1_37' title='bbox 338 1167 441 1247; x_wconf 81' lang='lat' dir='ltr'><strong>Galle,</strong></span> <span class='ocrx_word' id='word_1_38' title='bbox 452 1169 536 1249; x_wconf 90' lang='lat' dir='ltr'><strong>quod</strong></span> <span class='ocrx_word' id='word_1_39' title='bbox 546 1171 676 1251; x_wconf 86' lang='lat' dir='ltr'><strong>abrepto</strong></span> <span class='ocrx_word' id='word_1_40' title='bbox 689 1168 773 1230; x_wconf 84' lang='lat' dir='ltr'><strong>solus</strong></span> <span class='ocrx_word' id='word_1_41' title='bbox 784 1187 889 1230; x_wconf 82' lang='lat' dir='ltr'><strong>amore</strong></span> <span class='ocrx_word' id='word_1_42' title='bbox 899 1185 1013 1230; x_wconf 82' lang='lat' dir='ltr'><strong>vacem.</strong></span> 
     </span>
     <span class='ocr_line' id='line_1_8' title="bbox 295 1253 998 1333; baseline 0 -22"><span class='ocrx_word' id='word_1_43' title='bbox 295 1253 570 1333; x_wconf 82' lang='lat' dir='ltr'><strong>Atnonipsetuas</strong></span> <span class='ocrx_word' id='word_1_44' title='bbox 580 1253 998 1333; x_wconf 81' lang='lat' dir='ltr'><strong>imltabor‚perfide‚voees:</strong></span> 
     </span>
     <span class='ocr_line' id='line_1_9' title="bbox 336 1333 1020 1419; baseline 0 -23"><span class='ocrx_word' id='word_1_45' title='bbox 336 1335 466 1397; x_wconf 89' lang='lat' dir='ltr'><strong>Fallere</strong></span> <span class='ocrx_word' id='word_1_46' title='bbox 476 1345 509 1399; x_wconf 79' lang='lat' dir='ltr'><strong>te</strong></span> <span class='ocrx_word' id='word_1_47' title='bbox 519 1339 693 1419; x_wconf 78' lang='lat' dir='ltr'><strong>uumquads,</strong></span> <span class='ocrx_word' id='word_1_48' title='bbox 705 1336 806 1417; x_wconf 82' lang='lat' dir='ltr'><strong>Galle,</strong></span> <span class='ocrx_word' id='word_1_49' title='bbox 816 1333 924 1418; x_wconf 88' lang='lat' dir='ltr'><strong>puella</strong></span> <span class='ocrx_word' id='word_1_50' title='bbox 934 1334 1020 1397; x_wconf 63' lang='lat' dir='ltr'><strong>velie</strong></span> 
     </span>
     <span class='ocr_line' id='line_1_10' title="bbox 258 1417 1045 1504; baseline -0.003 -22"><span class='ocrx_word' id='word_1_51' title='bbox 258 1430 275 1482; x_wconf 81' lang='lat'><strong>5</strong></span> <span class='ocrx_word' id='word_1_52' title='bbox 295 1421 375 1481; x_wconf 80' lang='lat' dir='ltr'><strong>llum</strong></span> <span class='ocrx_word' id='word_1_53' title='bbox 385 1423 445 1482; x_wconf 76' lang='lat' dir='ltr'><strong>tibi</strong></span> <span class='ocrx_word' id='word_1_54' title='bbox 456 1422 596 1504; x_wconf 81' lang='lat' dir='ltr'><strong>deceptis</strong></span> <span class='ocrx_word' id='word_1_55' title='bbox 608 1428 737 1500; x_wconf 81' lang='lat' dir='ltr'><strong>ungetur</strong></span> <span class='ocrx_word' id='word_1_56' title='bbox 747 1423 827 1481; x_wconf 83' lang='lat' dir='ltr'><strong>fama</strong></span> <span class='ocrx_word' id='word_1_57' title='bbox 837 1417 962 1502; x_wconf 88' lang='lat' dir='ltr'><strong>puellis,</strong></span> <span class='ocrx_word' id='word_1_58' title='bbox 1003 1455 1010 1464; x_wconf 91' lang='lat'>-</span> <span class='ocrx_word' id='word_1_59' title='bbox 1042 1496 1045 1502; x_wconf 25' lang='grc' dir='ltr'>Ι</span> 
     </span>
     <span class='ocr_line' id='line_1_11' title="bbox 337 1505 1024 1584; baseline -0.004 -18"><span class='ocrx_word' id='word_1_60' title='bbox 337 1506 450 1566; x_wconf 84' lang='lat' dir='ltr'><strong>Certus</strong></span> <span class='ocrx_word' id='word_1_61' title='bbox 462 1515 495 1566; x_wconf 84' lang='lat' dir='ltr'><strong>et</strong></span> <span class='ocrx_word' id='word_1_62' title='bbox 504 1508 537 1566; x_wconf 84' lang='lat' dir='ltr'><strong>ln</strong></span> <span class='ocrx_word' id='word_1_63' title='bbox 548 1505 634 1566; x_wconf 90' lang='lat' dir='ltr'><strong>nullo</strong></span> <span class='ocrx_word' id='word_1_64' title='bbox 646 1507 770 1584; x_wconf 85' lang='lat' dir='ltr'><strong>qnaeris</strong></span> <span class='ocrx_word' id='word_1_65' title='bbox 782 1523 885 1565; x_wconf 90' lang='lat' dir='ltr'><strong>amore</strong></span> <span class='ocrx_word' id='word_1_66' title='bbox 896 1523 1024 1582; x_wconf 78' lang='lat' dir='ltr'><strong>moram,</strong></span> 
     </span>
     <span class='ocr_line' id='line_1_12' title="bbox 293 1587 1013 1669; baseline -0.001 -21"><span class='ocrx_word' id='word_1_67' title='bbox 293 1589 441 1649; x_wconf 85' lang='lat' dir='ltr'><strong>Perditus</strong></span> <span class='ocrx_word' id='word_1_68' title='bbox 450 1591 485 1648; x_wconf 85' lang='lat' dir='ltr'><strong>in</strong></span> <span class='ocrx_word' id='word_1_69' title='bbox 496 1589 624 1669; x_wconf 86' lang='lat' dir='ltr'><strong>quadam</strong></span> <span class='ocrx_word' id='word_1_70' title='bbox 635 1588 734 1649; x_wconf 87' lang='lat' dir='ltr'><strong>tardis</strong></span> <span class='ocrx_word' id='word_1_71' title='bbox 744 1587 919 1669; x_wconf 70' lang='lat' dir='ltr'><strong>pallescere</strong></span> <span class='ocrx_word' id='word_1_72' title='bbox 931 1589 1013 1648; x_wconf 85' lang='lat' dir='ltr'><strong>cnrla</strong></span> 
     </span>
     <span class='ocr_line' id='line_1_13' title="bbox 336 1670 937 1752; baseline 0 -20"><span class='ocrx_word' id='word_1_73' title='bbox 336 1673 450 1751; x_wconf 87' lang='lat' dir='ltr'><strong>lnclpis</strong></span> <span class='ocrx_word' id='word_1_74' title='bbox 460 1674 603 1751; x_wconf 74' lang='lat' dir='ltr'><strong>eoprlmo</strong></span> <span class='ocrx_word' id='word_1_75' title='bbox 617 1670 723 1752; x_wconf 85' lang='lat' dir='ltr'><strong>lapsus</strong></span> <span class='ocrx_word' id='word_1_76' title='bbox 734 1675 820 1734; x_wconf 82' lang='lat' dir='ltr'><strong>abire</strong></span> <span class='ocrx_word' id='word_1_77' title='bbox 832 1671 937 1751; x_wconf 81' lang='lat' dir='ltr'><strong>gradu.</strong></span> 
     </span>
     <span class='ocr_line' id='line_1_14' title="bbox 294 1754 1021 1837; baseline 0.001 -22"><span class='ocrx_word' id='word_1_78' title='bbox 294 1756 381 1815; x_wconf 85' lang='lat' dir='ltr'><strong>llaec</strong></span> <span class='ocrx_word' id='word_1_79' title='bbox 391 1757 454 1814; x_wconf 87' lang='lat' dir='ltr'><strong>erit</strong></span> <span class='ocrx_word' id='word_1_80' title='bbox 462 1754 584 1815; x_wconf 88' lang='lat' dir='ltr'><strong>lllarum</strong></span> <span class='ocrx_word' id='word_1_81' title='bbox 595 1759 766 1836; x_wconf 84' lang='lat' dir='ltr'><strong>contempti</strong></span> <span class='ocrx_word' id='word_1_82' title='bbox 777 1775 878 1837; x_wconf 90' lang='lat' dir='ltr'><strong>poena</strong></span> <span class='ocrx_word' id='word_1_83' title='bbox 888 1755 1021 1817; x_wconf 85' lang='lat' dir='ltr'><strong>dolori:</strong></span> 
     </span>
     <span class='ocr_line' id='line_1_15' title="bbox 239 1835 931 1919; baseline -0.001 -18"><span class='ocrx_word' id='word_1_84' title='bbox 239 1847 276 1903; x_wconf 83' lang='lat' dir='ltr'><strong>lo</strong></span> <span class='ocrx_word' id='word_1_85' title='bbox 322 1835 505 1899; x_wconf 78' lang='lat' dir='ltr'><strong>Multarum</strong></span> <span class='ocrx_word' id='word_1_86' title='bbox 515 1840 931 1919; x_wconf 78' lang='lat' dir='ltr'><strong>miserasexigetunaviees.</strong></span> 
     </span>
     <span class='ocr_line' id='line_1_16' title="bbox 293 1921 1023 2005; baseline 0.003 -24"><span class='ocrx_word' id='word_1_87' title='bbox 293 1923 379 1982; x_wconf 87' lang='lat' dir='ltr'><strong>llaec</strong></span> <span class='ocrx_word' id='word_1_88' title='bbox 390 1924 449 1982; x_wconf 81' lang='lat' dir='ltr'>tibi</span> <span class='ocrx_word' id='word_1_89' title='bbox 459 1921 603 2002; x_wconf 80' lang='lat' dir='ltr'><strong>vulgares</strong></span> <span class='ocrx_word' id='word_1_90' title='bbox 613 1925 692 1985; x_wconf 81' lang='lat' dir='ltr'><strong>istos</strong></span> <span class='ocrx_word' id='word_1_91' title='bbox 705 1931 882 2005; x_wconf 74' lang='lat' dir='ltr'><strong>compescet</strong></span> <span class='ocrx_word' id='word_1_92' title='bbox 893 1943 1023 2001; x_wconf 85' lang='lat' dir='ltr'><strong>amores,</strong></span> 
     </span>
     <span class='ocr_line' id='line_1_17' title="bbox 332 2005 1023 2089; baseline 0.003 -23"><span class='ocrx_word' id='word_1_93' title='bbox 332 2005 399 2067; x_wconf 86' lang='lat' dir='ltr'><strong>Nec</strong></span> <span class='ocrx_word' id='word_1_94' title='bbox 408 2024 488 2067; x_wconf 86' lang='lat' dir='ltr'><strong>nova</strong></span> <span class='ocrx_word' id='word_1_95' title='bbox 499 2009 677 2089; x_wconf 84' lang='lat' dir='ltr'><strong>quaerendo</strong></span> <span class='ocrx_word' id='word_1_96' title='bbox 690 2027 813 2089; x_wconf 87' lang='lat' dir='ltr'><strong>semper</strong></span> <span class='ocrx_word' id='word_1_97' title='bbox 825 2010 939 2068; x_wconf 80' lang='lat' dir='ltr'><strong>amicus</strong></span> <span class='ocrx_word' id='word_1_98' title='bbox 950 2009 1023 2068; x_wconf 85' lang='lat' dir='ltr'><strong>eris.</strong></span> 
     </span>
     <span class='ocr_line' id='line_1_18' title="bbox 291 2090 1101 2171; baseline 0.002 -20"><span class='ocrx_word' id='word_1_99' title='bbox 291 2091 379 2152; x_wconf 88' lang='lat' dir='ltr'><strong>Haeo</strong></span> <span class='ocrx_word' id='word_1_100' title='bbox 389 2109 447 2171; x_wconf 82' lang='lat' dir='ltr'><strong>ego</strong></span> <span class='ocrx_word' id='word_1_101' title='bbox 459 2109 522 2152; x_wconf 92' lang='lat' dir='ltr'><strong>non</strong></span> <span class='ocrx_word' id='word_1_102' title='bbox 532 2112 656 2153; x_wconf 89' lang='lat' dir='ltr'><strong>rumore</strong></span> <span class='ocrx_word' id='word_1_103' title='bbox 667 2091 757 2171; x_wconf 83' lang='lat' dir='ltr'><strong>malo,</strong></span> <span class='ocrx_word' id='word_1_104' title='bbox 769 2111 831 2152; x_wconf 90' lang='lat' dir='ltr'><strong>non</strong></span> <span class='ocrx_word' id='word_1_105' title='bbox 843 2109 958 2171; x_wconf 80' lang='lat' dir='ltr'><strong>augure</strong></span> <span class='ocrx_word' id='word_1_106' title='bbox 969 2090 1101 2169; x_wconf 82' lang='lat' dir='ltr'><strong>doetus,-</strong></span> 
     </span>
     <span class='ocr_line' id='line_1_19' title="bbox 332 2176 1037 2258; baseline -0.001 -20"><span class='ocrx_word' id='word_1_107' title='bbox 332 2176 407 2238; x_wconf 78' lang='lat' dir='ltr'><strong>Vidi</strong></span> <span class='ocrx_word' id='word_1_108' title='bbox 417 2194 493 2255; x_wconf 83' lang='lat' dir='ltr'><strong>ego:</strong></span> <span class='ocrx_word' id='word_1_109' title='bbox 514 2197 564 2238; x_wconf 91' lang='lat' dir='ltr'><strong>me</strong></span> <span class='ocrx_word' id='word_1_110' title='bbox 576 2198 690 2258; x_wconf 90' lang='lat' dir='ltr'><strong>quaeso</strong></span> <span class='ocrx_word' id='word_1_111' title='bbox 704 2185 786 2237; x_wconf 79' lang='lat' dir='ltr'><strong>leste</strong></span> <span class='ocrx_word' id='word_1_112' title='bbox 797 2195 913 2255; x_wconf 83' lang='lat' dir='ltr'><strong>negare</strong></span> <span class='ocrx_word' id='word_1_113' title='bbox 922 2176 1037 2257; x_wconf 70' lang='lat' dir='ltr'><strong>potes?</strong></span> 
     </span>
     <span class='ocr_line' id='line_1_20' title="bbox 238 2258 1009 2340; baseline -0.001 -19"><span class='ocrx_word' id='word_1_114' title='bbox 238 2267 272 2321; x_wconf 77' lang='lat'><strong>1⁵</strong></span> <span class='ocrx_word' id='word_1_115' title='bbox 292 2259 366 2322; x_wconf 85' lang='lat' dir='ltr'><strong>Vidi</strong></span> <span class='ocrx_word' id='word_1_116' title='bbox 377 2279 436 2339; x_wconf 79' lang='lat' dir='ltr'><strong>ego</strong></span> <span class='ocrx_word' id='word_1_117' title='bbox 448 2267 481 2321; x_wconf 90' lang='lat' dir='ltr'><strong>te</strong></span> <span class='ocrx_word' id='word_1_118' title='bbox 491 2268 559 2323; x_wconf 80' lang='lat' dir='ltr'><strong>toto</strong></span> <span class='ocrx_word' id='word_1_119' title='bbox 570 2265 704 2322; x_wconf 84' lang='lat' dir='ltr'><strong>vinctum</strong></span> <span class='ocrx_word' id='word_1_120' title='bbox 713 2260 916 2340; x_wconf 79' lang='lat' dir='ltr'><strong>languescere</strong></span> <span class='ocrx_word' id='word_1_121' title='bbox 928 2258 1009 2321; x_wconf 89' lang='lat' dir='ltr'><strong>eollo</strong></span> 
     </span>
     <span class='ocr_line' id='line_1_21' title="bbox 330 2344 945 2424; baseline 0 -21"><span class='ocrx_word' id='word_1_122' title='bbox 330 2344 373 2404; x_wconf 83' lang='lat' dir='ltr'><strong>Et</strong></span> <span class='ocrx_word' id='word_1_123' title='bbox 382 2344 462 2403; x_wconf 88' lang='lat' dir='ltr'><strong>flere</strong></span> <span class='ocrx_word' id='word_1_124' title='bbox 472 2346 607 2423; x_wconf 79' lang='lat' dir='ltr'><strong>iniectis,</strong></span> <span class='ocrx_word' id='word_1_125' title='bbox 619 2346 720 2423; x_wconf 84' lang='lat' dir='ltr'><strong>Galle,</strong></span> <span class='ocrx_word' id='word_1_126' title='bbox 733 2344 786 2405; x_wconf 84' lang='lat' dir='ltr'><strong>din</strong></span> <span class='ocrx_word' id='word_1_127' title='bbox 795 2346 945 2424; x_wconf 87' lang='lat' dir='ltr'><strong>manibus,</strong></span> 
     </span>
     <span class='ocr_line' id='line_1_22' title="bbox 291 2427 1017 2509; baseline 0.001 -21"><span class='ocrx_word' id='word_1_128' title='bbox 291 2427 334 2488; x_wconf 76' lang='lat' dir='ltr'><strong>Et</strong></span> <span class='ocrx_word' id='word_1_129' title='bbox 344 2446 459 2507; x_wconf 90' lang='lat' dir='ltr'><strong>cupere</strong></span> <span class='ocrx_word' id='word_1_130' title='bbox 471 2430 585 2509; x_wconf 80' lang='lat' dir='ltr'><strong>optatis</strong></span> <span class='ocrx_word' id='word_1_131' title='bbox 600 2431 729 2489; x_wconf 84' lang='lat' dir='ltr'><strong>animum</strong></span> <span class='ocrx_word' id='word_1_132' title='bbox 740 2428 899 2509; x_wconf 82' lang='lat' dir='ltr'><strong>deponere</strong></span> <span class='ocrx_word' id='word_1_133' title='bbox 908 2427 1017 2507; x_wconf 83' lang='lat' dir='ltr'><strong>labris,</strong></span> 
     </span>
     <span class='ocr_line' id='line_1_23' title="bbox 330 2511 1028 2593; baseline 0.003 -23"><span class='ocrx_word' id='word_1_134' title='bbox 330 2511 373 2571; x_wconf 82' lang='lat' dir='ltr'><strong>Et</strong></span> <span class='ocrx_word' id='word_1_135' title='bbox 383 2530 461 2591; x_wconf 81' lang='lat' dir='ltr'><strong>quse</strong></span> <span class='ocrx_word' id='word_1_136' title='bbox 473 2512 587 2574; x_wconf 86' lang='lat' dir='ltr'><strong>deinde</strong></span> <span class='ocrx_word' id='word_1_137' title='bbox 599 2532 686 2575; x_wconf 88' lang='lat' dir='ltr'><strong>meus</strong></span> <span class='ocrx_word' id='word_1_138' title='bbox 697 2511 789 2590; x_wconf 81' lang='lat' dir='ltr'><strong>celat,</strong></span> <span class='ocrx_word' id='word_1_139' title='bbox 802 2515 907 2592; x_wconf 86' lang='lat' dir='ltr'><strong>amice,</strong></span> <span class='ocrx_word' id='word_1_140' title='bbox 918 2512 1028 2593; x_wconf 89' lang='lat' dir='ltr'><strong>pudor.</strong></span> 
     </span>
     <span class='ocr_line' id='line_1_24' title="bbox 289 2594 1026 2678; baseline 0.004 -24"><span class='ocrx_word' id='word_1_141' title='bbox 289 2594 360 2654; x_wconf 92' lang='lat' dir='ltr'><strong>Non</strong></span> <span class='ocrx_word' id='word_1_142' title='bbox 371 2614 428 2674; x_wconf 82' lang='lat' dir='ltr'><strong>ego</strong></span> <span class='ocrx_word' id='word_1_143' title='bbox 441 2596 616 2678; x_wconf 85' lang='lat' dir='ltr'><strong>complexus</strong></span> <span class='ocrx_word' id='word_1_144' title='bbox 628 2599 716 2678; x_wconf 84' lang='lat' dir='ltr'><strong>potui</strong></span> <span class='ocrx_word' id='word_1_145' title='bbox 731 2596 879 2657; x_wconf 83' lang='lat' dir='ltr'><strong>diducere</strong></span> <span class='ocrx_word' id='word_1_146' title='bbox 890 2602 1026 2658; x_wconf 79' lang='lat' dir='ltr'><strong>vestros:</strong></span> 
     </span>
     <span class='ocr_line' id='line_1_25' title="bbox 234 2679 1037 2760; baseline 0.002 -21"><span class='ocrx_word' id='word_1_147' title='bbox 234 2685 271 2739; x_wconf 64' lang='grc' dir='ltr'>ιο</span> <span class='ocrx_word' id='word_1_148' title='bbox 333 2679 453 2739; x_wconf 76' lang='lat' dir='ltr'><strong>Tantus</strong></span> <span class='ocrx_word' id='word_1_149' title='bbox 465 2687 534 2741; x_wconf 88' lang='lat' dir='ltr'><strong>erat</strong></span> <span class='ocrx_word' id='word_1_150' title='bbox 545 2681 673 2741; x_wconf 91' lang='lat' dir='ltr'><strong>demens</strong></span> <span class='ocrx_word' id='word_1_151' title='bbox 684 2684 767 2741; x_wconf 87' lang='lat' dir='ltr'><strong>inter</strong></span> <span class='ocrx_word' id='word_1_152' title='bbox 779 2687 928 2760; x_wconf 88' lang='lat' dir='ltr'><strong>utrosque</strong></span> <span class='ocrx_word' id='word_1_153' title='bbox 939 2681 1037 2741; x_wconf 81' lang='lat' dir='ltr'><strong>furor.</strong></span> 
     </span>
     <span class='ocr_line' id='line_1_26' title="bbox 288 2756 1040 2845; baseline 0.003 -22"><span class='ocrx_word' id='word_1_154' title='bbox 288 2763 317 2823; x_wconf 92' lang='lat' dir='ltr'>N</span> <span class='ocrx_word' id='word_1_155' title='bbox 319 2781 359 2821; x_wconf 92' lang='lat' dir='ltr'><strong>on</strong></span> <span class='ocrx_word' id='word_1_156' title='bbox 370 2764 415 2821; x_wconf 87' lang='lat' dir='ltr'><strong>sic</strong></span> <span class='ocrx_word' id='word_1_157' title='bbox 425 2763 597 2824; x_wconf 85' lang='lat' dir='ltr'><strong>Haemonio</strong></span> <span class='ocrx_word' id='word_1_158' title='bbox 609 2756 786 2825; x_wconf 73' lang='lat' dir='ltr'><strong>Salmonida</strong></span> <span class='ocrx_word' id='word_1_159' title='bbox 798 2767 908 2825; x_wconf 84' lang='lat' dir='ltr'><strong>mixtus</strong></span> <span class='ocrx_word' id='word_1_160' title='bbox 918 2765 1040 2845; x_wconf 81' lang='lat' dir='ltr'><strong>Enipeo</strong></span> 
     </span>
     <span class='ocr_line' id='line_1_27' title="bbox 331 2844 941 2928; baseline 0.01 -25"><span class='ocrx_word' id='word_1_161' title='bbox 331 2844 503 2906; x_wconf 85' lang='lat' dir='ltr'><strong>Taenarius</strong></span> <span class='ocrx_word' id='word_1_162' title='bbox 514 2846 601 2907; x_wconf 81' lang='lat' dir='ltr'><strong>facili</strong></span> <span class='ocrx_word' id='word_1_163' title='bbox 610 2850 727 2928; x_wconf 78' lang='lat' dir='ltr'><strong>pressit</strong></span> <span class='ocrx_word' id='word_1_164' title='bbox 738 2868 842 2909; x_wconf 87' lang='lat' dir='ltr'><strong>amore</strong></span> <span class='ocrx_word' id='word_1_165' title='bbox 855 2848 941 2927; x_wconf 86' lang='lat' dir='ltr'><strong>deus,</strong></span> 
     </span>
     <span class='ocr_line' id='line_1_28' title="bbox 287 2927 1108 3009; baseline 0.01 -22"><span class='ocrx_word' id='word_1_166' title='bbox 287 2928 354 2988; x_wconf 88' lang='lat' dir='ltr'><strong>Nec</strong></span> <span class='ocrx_word' id='word_1_167' title='bbox 364 2929 410 2988; x_wconf 84' lang='lat' dir='ltr'><strong>sic</strong></span> <span class='ocrx_word' id='word_1_168' title='bbox 421 2927 590 2991; x_wconf 83' lang='lat' dir='ltr'><strong>caelestem</strong></span> <span class='ocrx_word' id='word_1_169' title='bbox 599 2932 733 3009; x_wconf 80' lang='lat' dir='ltr'><strong>flagrans</strong></span> <span class='ocrx_word' id='word_1_170' title='bbox 745 2952 830 2992; x_wconf 88' lang='lat' dir='ltr'><strong>amor</strong></span> <span class='ocrx_word' id='word_1_171' title='bbox 840 2931 985 2993; x_wconf 87' lang='lat' dir='ltr'><strong>llcrculis</strong></span> <span class='ocrx_word' id='word_1_172' title='bbox 995 2933 1108 2995; x_wconf 86' lang='lat' dir='ltr'><strong>Heben</strong></span> 
     </span>
     <span class='ocr_line' id='line_1_29' title="bbox 329 3012 944 3096; baseline 0.01 -26"><span class='ocrx_word' id='word_1_173' title='bbox 329 3012 435 3071; x_wconf 81' lang='lat' dir='ltr'><strong>Sensit</strong></span> <span class='ocrx_word' id='word_1_174' title='bbox 444 3013 479 3072; x_wconf 85' lang='lat' dir='ltr'><strong>in</strong></span> <span class='ocrx_word' id='word_1_175' title='bbox 489 3013 615 3075; x_wconf 85' lang='lat' dir='ltr'><strong>Oetaeis</strong></span> <span class='ocrx_word' id='word_1_176' title='bbox 627 3015 736 3093; x_wconf 81' lang='lat' dir='ltr'><strong>gaudis</strong></span> <span class='ocrx_word' id='word_1_177' title='bbox 746 3018 845 3096; x_wconf 85' lang='lat' dir='ltr'><strong>prima</strong></span> <span class='ocrx_word' id='word_1_178' title='bbox 855 3018 944 3095; x_wconf 78' lang='lat' dir='ltr'><strong>lugla.</strong></span> 
     </span>
    </p>

    <p class='ocr_par' dir='ltr' id='par_1_5' title="bbox 233 3094 1082 3347">
     <span class='ocr_line' id='line_1_30' title="bbox 233 3094 1031 3180; baseline 0.003 -23"><span class='ocrx_word' id='word_1_179' title='bbox 233 3102 268 3157; x_wconf 77' lang='lat'><strong>25</strong></span> <span class='ocrx_word' id='word_1_180' title='bbox 288 3095 358 3157; x_wconf 84' lang='lat' dir='ltr'><strong>Una</strong></span> <span class='ocrx_word' id='word_1_181' title='bbox 369 3094 437 3155; x_wconf 88' lang='lat' dir='ltr'><strong>dles</strong></span> <span class='ocrx_word' id='word_1_182' title='bbox 448 3116 554 3159; x_wconf 87' lang='lat' dir='ltr'><strong>omnes</strong></span> <span class='ocrx_word' id='word_1_183' title='bbox 567 3100 669 3180; x_wconf 85' lang='lat' dir='ltr'><strong>potuit</strong></span> <span class='ocrx_word' id='word_1_184' title='bbox 678 3118 884 3180; x_wconf 89' lang='lat' dir='ltr'><strong>praecurrere</strong></span> <span class='ocrx_word' id='word_1_185' title='bbox 896 3119 1031 3161; x_wconf 86' lang='lat' dir='ltr'><strong>amores:</strong></span> 
     </span>
     <span class='ocr_line' id='line_1_31' title="bbox 324 3179 993 3265; baseline 0.009 -26"><span class='ocrx_word' id='word_1_186' title='bbox 324 3179 401 3240; x_wconf 90' lang='lat' dir='ltr'><strong>Nam</strong></span> <span class='ocrx_word' id='word_1_187' title='bbox 411 3182 993 3265; x_wconf 83' lang='lat' dir='ltr'><strong>tibinontepldassnbdr&#39;ditillafaees,</strong></span> 
     </span>
     <span class='ocr_line' id='line_1_32' title="bbox 286 3262 1082 3347; baseline 0.008 -24"><span class='ocrx_word' id='word_1_188' title='bbox 286 3262 352 3324; x_wconf 85' lang='lat' dir='ltr'><strong>Nee</strong></span> <span class='ocrx_word' id='word_1_189' title='bbox 363 3267 421 3327; x_wconf 78' lang='lat' dir='ltr'><strong>tibi</strong></span> <span class='ocrx_word' id='word_1_190' title='bbox 432 3270 621 3346; x_wconf 75' lang='lat' dir='ltr'><strong>praeteritos</strong></span> <span class='ocrx_word' id='word_1_191' title='bbox 631 3288 721 3347; x_wconf 87' lang='lat' dir='ltr'><strong>pasa</strong></span> <span class='ocrx_word' id='word_1_192' title='bbox 732 3276 781 3329; x_wconf 89' lang='lat' dir='ltr'><strong>et</strong></span> <span class='ocrx_word' id='word_1_193' title='bbox 791 3268 961 3329; x_wconf 86' lang='lat' dir='ltr'><strong>succedere</strong></span> <span class='ocrx_word' id='word_1_194' title='bbox 972 3268 1082 3346; x_wconf 75' lang='lat' dir='ltr'><strong>fastus,</strong></span> 
     </span>
    </p>

    <p class='ocr_par' dir='ltr' id='par_1_6' title="bbox 230 3348 1104 3766">
     <span class='ocr_line' id='line_1_33' title="bbox 276 3348 951 3431; baseline 0.009 -24"><span class='ocrx_word' id='word_1_195' title='bbox 276 3376 281 3383; x_wconf 95' lang='lat'>·</span> <span class='ocrx_word' id='word_1_196' title='bbox 324 3348 391 3408; x_wconf 91' lang='lat' dir='ltr'><strong>Nec</strong></span> <span class='ocrx_word' id='word_1_197' title='bbox 402 3351 485 3410; x_wconf 81' lang='lat' dir='ltr'><strong>sinet</strong></span> <span class='ocrx_word' id='word_1_198' title='bbox 496 3352 621 3412; x_wconf 79' lang='lat' dir='ltr'><strong>abduci:</strong></span> <span class='ocrx_word' id='word_1_199' title='bbox 641 3358 675 3411; x_wconf 90' lang='lat' dir='ltr'><strong>te</strong></span> <span class='ocrx_word' id='word_1_200' title='bbox 686 3359 756 3413; x_wconf 88' lang='lat' dir='ltr'><strong>tuus</strong></span> <span class='ocrx_word' id='word_1_201' title='bbox 768 3352 860 3413; x_wconf 92' lang='lat' dir='ltr'><strong>ardor</strong></span> <span class='ocrx_word' id='word_1_202' title='bbox 872 3358 951 3431; x_wconf 83' lang='lat' dir='ltr'><strong>aget.</strong></span> 
     </span>
     <span class='ocr_line' id='line_1_34' title="bbox 284 3431 1104 3517; baseline 0.005 -26"><span class='ocrx_word' id='word_1_203' title='bbox 284 3431 351 3492; x_wconf 91' lang='lat' dir='ltr'><strong>Nec</strong></span> <span class='ocrx_word' id='word_1_204' title='bbox 361 3435 481 3513; x_wconf 70' lang='lat' dir='ltr'><strong>mirum,</strong></span> <span class='ocrx_word' id='word_1_205' title='bbox 493 3454 562 3495; x_wconf 88' lang='lat' dir='ltr'><strong>cnm</strong></span> <span class='ocrx_word' id='word_1_206' title='bbox 573 3437 614 3495; x_wconf 78' lang='lat' dir='ltr'><strong>sit</strong></span> <span class='ocrx_word' id='word_1_207' title='bbox 624 3435 695 3495; x_wconf 84' lang='lat' dir='ltr'><strong>love</strong></span> <span class='ocrx_word' id='word_1_208' title='bbox 707 3436 799 3515; x_wconf 84' lang='lat' dir='ltr'><strong>digna</strong></span> <span class='ocrx_word' id='word_1_209' title='bbox 809 3442 842 3497; x_wconf 87' lang='lat' dir='ltr'><strong>et</strong></span> <span class='ocrx_word' id='word_1_210' title='bbox 851 3436 989 3517; x_wconf 85' lang='lat' dir='ltr'><strong>proxima</strong></span> <span class='ocrx_word' id='word_1_211' title='bbox 999 3435 1104 3496; x_wconf 87' lang='lat' dir='ltr'><strong>Ledae</strong></span> 
     </span>
     <span class='ocr_line' id='line_1_35' title="bbox 230 3516 952 3600; baseline 0.011 -25"><span class='ocrx_word' id='word_1_212' title='bbox 230 3520 267 3575; x_wconf 73' lang='lat'><strong>30</strong></span> <span class='ocrx_word' id='word_1_213' title='bbox 325 3516 367 3576; x_wconf 83' lang='lat' dir='ltr'><strong>Et</strong></span> <span class='ocrx_word' id='word_1_214' title='bbox 380 3518 487 3579; x_wconf 88' lang='lat' dir='ltr'><strong>Ledae</strong></span> <span class='ocrx_word' id='word_1_215' title='bbox 496 3527 587 3598; x_wconf 84' lang='lat' dir='ltr'><strong>partu</strong></span> <span class='ocrx_word' id='word_1_216' title='bbox 599 3522 717 3596; x_wconf 81' lang='lat' dir='ltr'><strong>gratior</strong></span> <span class='ocrx_word' id='word_1_217' title='bbox 728 3539 787 3580; x_wconf 87' lang='lat' dir='ltr'><strong>nna</strong></span> <span class='ocrx_word' id='word_1_218' title='bbox 797 3522 908 3600; x_wconf 84' lang='lat' dir='ltr'><strong>tribus,</strong></span> <span class='ocrx_word' id='word_1_219' title='bbox 945 3533 952 3545; x_wconf 59' lang='lat'>⁸</span> 
     </span>
     <span class='ocr_line' id='line_1_36' title="bbox 284 3595 896 3685; baseline 0.011 -27"><span class='ocrx_word' id='word_1_220' title='bbox 284 3595 343 3659; x_wconf 86' lang='lat' dir='ltr'><strong>llla</strong></span> <span class='ocrx_word' id='word_1_221' title='bbox 353 3602 394 3660; x_wconf 84' lang='lat' dir='ltr'><strong>sit</strong></span> <span class='ocrx_word' id='word_1_222' title='bbox 404 3602 537 3663; x_wconf 86' lang='lat' dir='ltr'><strong>lnachlls</strong></span> <span class='ocrx_word' id='word_1_223' title='bbox 548 3609 582 3663; x_wconf 86' lang='lat' dir='ltr'><strong>et</strong></span> <span class='ocrx_word' id='word_1_224' title='bbox 592 3600 738 3664; x_wconf 84' lang='lat' dir='ltr'><strong>blandior</strong></span> <span class='ocrx_word' id='word_1_225' title='bbox 747 3605 896 3685; x_wconf 81' lang='lat' dir='ltr'><strong>herolni,</strong></span> 
     </span>
     <span class='ocr_line' id='line_1_37' title="bbox 323 3682 900 3766; baseline 0.014 -24"><span class='ocrx_word' id='word_1_226' title='bbox 323 3682 454 3745; x_wconf 84' lang='lat' dir='ltr'><strong>lllasuis</strong></span> <span class='ocrx_word' id='word_1_227' title='bbox 463 3688 568 3748; x_wconf 82' lang='lat' dir='ltr'><strong>rerbls</strong></span> <span class='ocrx_word' id='word_1_228' title='bbox 579 3693 669 3766; x_wconf 78' lang='lat' dir='ltr'><strong>cogat</strong></span> <span class='ocrx_word' id='word_1_229' title='bbox 678 3708 781 3749; x_wconf 87' lang='lat' dir='ltr'><strong>amare</strong></span> <span class='ocrx_word' id='word_1_230' title='bbox 791 3689 900 3750; x_wconf 85' lang='lat' dir='ltr'><strong>lovem.</strong></span> 
     </span>
    </p>
   </div>
   <div class='ocr_carea' id='block_1_5' title="bbox 0 0 1364 4325">
    <p class='ocr_par' dir='ltr' id='par_1_7' title="bbox 0 0 1364 4325">
     <span class='ocr_line' id='line_1_38' title="bbox 0 0 1364 4325; baseline 0 0"><span class='ocrx_word' id='word_1_231' title='bbox 0 0 1364 4325; x_wconf 95' lang='lat' dir='ltr'><strong> </strong></span> 
     </span>
    </p>
   </div>
  </div>
 </body>
</html>
