2717 4325
353 453 962 534 imnumnnnun
1095 457 1138 522 u

192 672 250 765 25
266 670 366 766 llisua
378 724 462 765 eram
475 703 585 784 positis
595 705 679 765 inter
690 707 828 768 convivio
838 709 963 786 mensis,

304 790 346 851 lllt
358 788 397 849 de
408 807 458 848 me
468 794 591 869 poterat
605 787 738 867 quilibet
748 809 818 851 esse
830 789 950 871 loquax.

266 873 408 953 Quinque
420 874 478 933 tibi
487 872 575 952 potui
585 874 704 932 servire
714 872 852 934 fideliter
866 894 978 935 annos:

304 957 414 1035 Ungue
426 975 525 1018 meam
535 974 638 1015 morso
650 974 744 1035 saepe
757 975 891 1035 querere
901 958 1005 1019 fidem.

225 1051 242 1101 5
263 1039 315 1101 Nil
326 1060 452 1101 moveor
461 1038 609 1114 lacrimis,
619 1040 679 1097 ista
690 1058 756 1099 anm
767 1048 873 1119 captus
885 1044 922 1102 ab
934 1049 1017 1102 arte:

305 1124 436 1205 Semper
448 1124 485 1183 ab
496 1120 629 1198 insidiis,
641 1121 785 1200 Cynthia,
796 1125 875 1183 flere
886 1126 977 1186 soles.

263 1207 363 1269 Flebo
377 1227 435 1286 ego
448 1203 624 1282 discedens,
636 1204 693 1264 aed
703 1206 811 1266 fletum
819 1207 933 1266 iniuria
942 1210 1061 1268 vincets

306 1292 357 1350 'l'u
368 1293 450 1350 bene
462 1288 648 1348 conveniens
659 1307 723 1349 non
733 1290 810 1349 sinis
820 1291 868 1349 ire
878 1292 991 1369 iugum.

263 1376 384 1435 Lirnina
394 1375 455 1433 iam
465 1371 581 1431 nostris
591 1370 917 1435 valeantlacrimantia
927 1375 1041 1453 verbis,

208 1467 245 1520 lo
306 1457 371 1517 Nec
382 1464 487 1516 tamen
495 1456 575 1515 irata
584 1456 673 1515 ianua
682 1455 782 1516 lracta
791 1476 891 1518 manu.

264 1543 307 1601 At
316 1547 350 1600 te
361 1539 471 1601 celatis
482 1544 566 1600 aetas
577 1540 676 1619 gravis
689 1545 798 1617 urgeat
809 1543 907 1620 annis,

303 1626 345 1685 Et
355 1626 458 1685 veniat
468 1624 586 1683 formae
598 1642 673 1702 ruga
685 1624 810 1684 sinistra
820 1631 902 1687 tuae.

262 1707 394 1771 Vellere
405 1715 469 1769 tum
481 1707 584 1787 cupies
596 1705 682 1767 albos
693 1728 711 1767 a
721 1709 820 1788 stirpe
832 1709 960 1789 capillos

301 1794 351 1852 Ah
363 1790 490 1872 speculo
500 1810 591 1868 rugas
602 1792 810 1871 increpitante
821 1794 890 1873 tibi,

212 1886 243 1938 15
263 1874 397 1937 Exclusa
409 1876 504 1952 inque
515 1875 614 1933 vicem
623 1873 721 1933 fastus
732 1878 851 1953 potiare
863 1880 1025 1958 superbos,

301 1961 343 2020 ut
356 1977 433 2037 quae
444 1956 559 2031 fecisti,
570 1956 653 2015 lacta
664 1960 803 2034 queraris
815 1977 898 2020 anua.

261 2044 324 2105 Hcs
336 2043 395 2102 tibi
408 2034 512 2101 fatalia
524 2039 638 2098 cecinit
649 2057 717 2097 mea
725 2041 837 2118 pagins
848 2040 939 2104 dirus.

301 2129 454 2190 Eventum
464 2125 583 2187 formae
595 2121 679 2182 disce
691 2123 803 2184 timere
813 2130 894 2185 tuse.

294 2367 1085 2515 SEX.PROPERTH·

484 2526 824 2612 ELEGlARUll

386 2674 962 2752 urnunQU1uuus.
1094 2671 1134 2734 n

220 2847 240 2937 l
261 2839 341 2955 lloc,
354 2878 567 2961 quodcumque
577 2878 675 2960 sides,
691 2883 816 2963 hospes,
829 2901 888 2962 qua
899 2877 1133 2941 maximultorna

299 3046 381 3104 Ante
391 3047 549 3123 Phrygem
558 3050 688 3107 Aenean
698 2985 788 3106 collis
800 3055 833 3106 et
842 3049 941 3106 herba
950 3048 1027 3106 fuit:

260 3130 364 3206 Atque
375 3128 428 3184 ubi
438 3125 545 3184 Navali
555 3133 638 3185 stant
648 3144 736 3183 sacra
744 3126 864 3187 Palatia
874 3127 1014 3200 Phoebo,

300 3207 439 3270 Euandri
450 3206 600 3287 profugae
612 3207 808 3266 concubuere
818 3210 922 3267 bores.

222 3305 239 3358 5
259 3291 422 3356 Fictilibus
434 3307 562 3351 crevere
575 3288 642 3348 deis
654 3287 733 3346 hacc
744 3305 837 3346 aurea
847 3288 974 3368 templs,

288 3376 366 3438 ·Nec
377 3377 437 3436 fuit
448 3373 616 3455 opprobrio
627 3372 711 3432 facta
720 3371 788 3430 sine
800 3376 868 3430 arte
879 3391 959 3450 casa,

261 3462 477 3542 Tarpeiusque
488 3462 578 3539 pater
588 3455 671 3518 nuda
683 3455 722 3515 de
734 3473 812 3536 rupe
823 3456 958 3533 tonabat,

301 3548 344 3607 Et
353 3543 479 3604 'liberis
491 3543 606 3603 nostris
619 3540 735 3606 advena
745 3542 844 3601 bubus
855 3545 933 3599 erat.

262 3630 329 3706 Quo
342 3627 486 3708 gradibus
498 3625 605 3687 domus
615 3626 675 3687 ista
685 3626 774 3686 Remi
786 3643 819 3684 se
831 3619 966 3701 sustulit,
979 3619 1054 3682 olim

209 3725 242 3778 lo
302 3713 388 3774 Unus
400 3716 467 3772 erat
475 3710 608 3774 fratrum
617 3712 746 3772 maxima
755 3726 852 3786 regna
862 3707 960 3770 focus.
