2717 4325
221 482 265 547 84
517 472 882 540 Pnornnnll
989 570 992 573 ἢ

91 687 98 700 ·
253 659 286 712 10
347 646 478 727 Semper
489 653 522 706 et
533 644 665 704 effectus
675 659 880 722 promeruere
892 642 1002 707 bonos.

303 733 448 793 Forsitan
459 730 537 789 haec
551 727 615 787 illis
625 727 752 786 fuerant
762 724 906 785 mandata
916 726 1058 789 tabellist

344 816 475 892 Irascor,
488 812 631 892 quoniam
642 827 687 888 es,
697 808 947 887 lente,·moratus
958 812 1038 874 heri.

304 900 421 961 Antibi
432 898 538 959 neseio
551 911 629 974 quae
639 896 704 955 visa
715 900 764 953 est
773 893 963 955 formosior?
985 917 1024 956 an
1034 903 1069 957 tu

344 982 414 1042 Non
424 984 506 1042 bene
518 978 557 1040 tle
569 979 659 1039 nobis
671 979 800 1038 crimina
810 979 884 1039 licta
895 980 995 1039 iacis?

251 1077 284 1130 15
304 1068 368 1127 Ant
380 1065 473 1125 dixit:
493 1064 600 1124 venies
611 1061 718 1140 hodie,
730 1064 917 1123 cessabimus
929 1082 1004 1123 uua:

345 1150 521 1230 Hospitium
531 1153 598 1207 totu
608 1152 702 1207 nocte
712 1147 832 1225 paravit
841 1146 948 1224 Amor,

301 1235 343 1295 nt
354 1248 564 1312 quaecumque
578 1228 690 1290 dolens
699 1230 822 1309 reperit
831 1248 895 1289 uon
904 1228 1001 1293 stulta
1010 1230 1126 1312 puella,

345 1316 478 1387 Garrula
489 1335 557 1375 cum
568 1312 689 1375 blandis
701 1312 814 1373 dicitur
824 1314 903 1374 hora
913 1311 1004 1376 dolis,

302 1402 357 1465 Me
368 1401 525 1477 miserum,
539 1399 588 1459 his
600 1397 711 1478 aliquis
722 1399 875 1457 rationem
886 1399 997 1459 scribit
1006 1420 1114 1462 avarus

247 1495 283 1548 20
341 1486 383 1546 lut
392 1485 482 1566 pouit
493 1483 585 1543 duras
596 1483 681 1542 inter
692 1481 918 1561 ephemeridas.

303 1570 385 1646 Quas
396 1570 423 1628 sl
435 1568 503 1647 quis
514 1566 590 1626 mihi
600 1564 771 1643 rettulerit,
786 1564 951 1625 donabitur
964 1585 1047 1628 auro.
1077 1622 1082 1627 .

342 1653 418 1729 Quis
428 1669 486 1730 pro
499 1650 614 1710 divitiis
623 1646 709 1727 ligna
718 1655 844 1709 retenta
853 1648 953 1710 veliti

302 1736 415 1815 lpuer‚
431 1739 464 1793 et
474 1734 553 1792 citus
565 1734 642 1792 haec
653 1731 757 1811 aliqua
766 1750 908 1814 propone
919 1731 1071 1812 columns,

341 1819 383 1880 Et
395 1816 551 1877 dominum
561 1814 711 1894 Esquiliis
722 1817 825 1877 scribe
835 1817 976 1877 habitare
987 1825 1080 1879 tuum.
1101 1824 1105 1831 '

230 1952 288 2047 24
302 1949 398 2045 Felsa
409 1991 457 2045 est
467 1985 527 2044 istc
537 1990 619 2061 tuae,
635 1983 757 2062 mulier,
768 1983 882 2045 fiducia
892 1985 1021 2063 formae,

343 2069 425 2129 Olim
436 2067 533 2128 oculis
544 2069 671 2128 nimium
681 2067 764 2128 lacta
774 2071 908 2149 superba
918 2071 1004 2130 mels.

300 2154 415 2216 Noter
426 2173 510 2214 amor
521 2151 601 2213 tales
612 2154 724 2213 tribuit
732 2153 801 2232 tibi,
814 2153 957 2233 Cynthia,
968 2152 1091 2217 landes:
1293 2194 1294 2249 p

341 2239 492 2301 Versibus
501 2237 655 2315 insignem
665 2243 699 2296 te
710 2236 808 2316 pudet
818 2256 889 2297 esse
899 2240 985 2300 meis.

264 2333 280 2384 5
302 2320 923 2401 illistamtevnrialandavisaepefigura,

340 2406 393 2483 Ut,
406 2405 489 2485 quod
499 2423 562 2465 uon
573 2421 670 2483 esses,
682 2423 752 2466 esse
762 2411 889 2486 putaret
899 2425 994 2484 amor,

298 2491 340 2552 Et
351 2489 439 2551 color
450 2496 499 2550 est
509 2490 626 2549 totiens
636 2507 729 2550 roseo
741 2487 873 2550 collatus
883 2490 961 2568 Eoo,

341 2574 418 2634 Gum
428 2574 487 2634 tibi
499 2574 655 2652 quaesitus
667 2571 784 2633 candor
792 2574 827 2634 in
838 2592 893 2634 orc
904 2575 1005 2634 foret:

300 2657 391 2737 Quod
401 2659 476 2720 mihi
487 2676 551 2718 non
560 2657 655 2737 patrii
665 2664 814 2736 poterant
824 2664 967 2719 auertere
979 2657 1079 2736 amici,

246 2751 281 2804 10
340 2741 458 2805 Eluere
470 2746 523 2801 aut
533 2747 618 2800 vasto
630 2739 784 2801 Thessala
794 2761 867 2822 saga
875 2744 961 2803 mari.

298 2827 385 2886 llaec
397 2843 466 2903 ego,
477 2823 648 2901 nentem,
662 2843 726 2884 non
735 2827 807 2904 igne
820 2834 953 2905 coactus,
966 2826 1076 2905 etipsa

339 2909 511 2986 Naufragus
522 2909 645 2985 Aegaea
658 2927 732 2969 vera
742 2910 864 2971 fatebar
875 2930 960 2991 aqua.

301 2993 472 3073 Corruptus
487 3010 577 3052 soevo
590 2991 725 3070 Veneris
736 2997 881 3055 torrebar
892 2996 1008 3054 aheno:

338 3076 469 3137 Vinctus
480 3095 565 3137 eram
575 3093 680 3136 versas
691 3078 724 3136 iu
735 3097 803 3138 mea
812 3085 903 3158 terga
913 3097 1028 3140 uranus.

244 3169 277 3222 15
297 3160 381 3221 Ecce
393 3167 557 3221 coronatae
568 3167 693 3241 portum
703 3163 839 3242 tetigere
850 3164 983 3241 carinae,

339 3245 504 3305 Traiectae
516 3245 635 3324 Syrtes,
647 3263 761 3305 ancora
770 3248 851 3307 iacta
861 3247 937 3307 milri
948 3252 1005 3307 est.

296 3328 384 3388 Nunc
396 3327 519 3390 demum
529 3334 614 3390 vasto
626 3328 703 3388 fessi
714 3331 924 3409 resipiscimus
936 3336 1034 3408 aestu,

336 3411 538 3493 Vulneraque
550 3410 589 3470 ad
600 3428 707 3472 sanum
717 3432 798 3474 nunc
809 3417 915 3477 coiere
925 3433 1001 3476 mea.

1130 2341 1137 2358 ι

1129 2387 1145 2420 0

295 3495 388 3557 Mens
399 3499 490 3576 boun,
502 3499 529 3556 i
541 3514 599 3577 qua
611 3491 669 3555 dea
679 3514 725 3575 es,
735 3504 789 3560 tua
800 3499 1039 3560 meiusacraria
1051 3494 1142 3557 dono.
1285 3508 1287 3619 p

242 3587 278 3640 20
336 3581 525 3642 Exciderant
536 3574 630 3640 surdo
642 3585 690 3640 tot
701 3599 768 3641 mea
778 3589 849 3644 vota
857 3583 931 3644 Iovi.
1098 3604 1103 3611 ·
1284 3630 1285 3639 a

1283 3646 1286 3783 l

1281 3972 1283 4103 l
