2717 4325
1079 195 1285 202 -—-.--—.-—.

487 441 682 507 estitit}
705 441 839 504 (illul.
860 452 904 507 66.
1157 443 1200 507 55

325 611 369 673 Ut
389 612 447 671 tibi
466 617 540 671 tuue
559 616 625 673 toto
646 618 776 691 pectore
794 610 948 673 sollleltse

231 706 267 759 πό
288 695 436 763 Sensibus
457 695 575 773 ereptis
597 713 684 756 meus
706 694 835 756 excidit!
855 702 888 755 st
908 702 942 756 te
960 712 1020 771 ego
1042 698 1129 753 certe

327 779 500 856 Cognorsm
522 796 540 837 e
559 796 653 857 perse
672 779 792 855 sirglue
809 779 1038 856 msgusulmsru.

286 862 374 923 Auno
395 862 508 921 bouum
523 860 619 921 oblitu
639 880 674 923 es
694 863 829 940 isoluus,
847 881 908 941 quo
930 862 1048 937 regium
1063 857 1201 940 stleptu’s

325 945 523 1023 Coniugium,
546 962 605 1021 quo
626 963 689 1005 nou
710 945 823 1006 fortius
843 946 923 1006 suslt
943 944 1023 1005 slisl

285 1026 349 1089 Sed
364 1034 426 1088 tum
441 1034 556 1087 moestu
574 1029 672 1089 virum
687 1030 814 1090 mittens
829 1046 908 1108 quse
923 1030 1018 1089 verbs
1033 1026 1136 1088 locutu
1152 1026 1201 1087 es!

230 1123 268 1177 30
329 1112 483 1191 luppiter,
504 1116 539 1171 ul
559 1113 642 1172 tristi
663 1110 780 1172 lumlus
800 1130 893 1192 ssepe
914 1112 1018 1173 msuu!
1136 1148 1141 1158 ·

284 1196 413 1273 Quiete
433 1196 561 1255 mutavit
579 1201 683 1256 tsutus
705 1195 802 1256 ‹leus'l
824 1213 863 1256 su
884 1195 967 1273 quod
988 1201 1124 1257 umsuteo

324 1279 393 1338 Nou
411 1276 507 1356 louge
528 1296 546 1337 e
567 1297 638 1339 euro
661 1296 794 1358 corporo
814 1280 923 1339 siesse
943 1276 1073 1339 volout?

285 1363 387 1439 Atque
406 1363 450 1421 lbi
466 1378 516 1421 me
536 1362 655 1422 eunetis
673 1381 732 1442 pro
753 1360 836 1422 dulei
858 1363 988 1439 eouluge
1009 1360 1087 1421 divis

328 1446 397 1505 Nou
418 1446 485 1505 siue
506 1446 628 1506 tsuriuo
649 1447 797 1525 sunguine
817 1443 960 1525 pollicito
980 1463 1030 1521 es,

231 1539 267 1594 35
289 1528 323 1589 Si
341 1527 476 1589 reditum
498 1527 664 1591 tetulisset.
686 1531 714 1590 is
735 1531 810 1590 huot
829 1532 863 1590 iu
883 1535 1024 1607 tempore
1045 1526 1138 1607 longo

327 1612 455 1691 Captum
476 1612 580 1672 Asiam
601 1613 735 1693 Aegypti
756 1614 868 1675 fluibus
889 1611 1061 1674 eddiderat.

285 1696 360 1773 Quis
381 1712 439 1772 ego
459 1714 517 1776 pro
538 1696 629 1757 iretis
650 1695 778 1758 coelesti
797 1697 921 1759 redditu
941 1702 1033 1757 coetu

322 1779 459 1839 Pristim
479 1786 549 1841 voto
569 1798 647 1841 novo
664 1800 793 1842 mouere
814 1780 961 1842 dlssoluo.

284 1862 398 1939 Invito,
420 1881 439 1922 ο
460 1864 583 1943 regins,
604 1870 657 1925 tuo
678 1864 719 1925 de
738 1866 858 1925 uertice
877 1865 973 1942 cessi,

231 1956 267 2009 40
328 1945 441 2006 Insita:
463 1944 570 2007 edituro
592 1954 688 2026 teque
709 1954 856 2027 tuumque
877 1954 984 2027 eaput,

284 2030 387 2107 Digne
405 2030 488 2089 ieret
509 2029 591 2109 quod
612 2032 709 2108 siquis
729 2032 863 2092 lusuiter
884 2031 1048 2091 udiururltt

326 2111 391 2174 Sed
412 2114 465 2192 qui
485 2130 519 2174 oe
537 2114 624 2175 ferro
644 2112 783 2194 postulet
804 2132 873 2176 esse
892 2115 1021 2195 purem‘l

285 2195 343 2257 ille
359 2215 482 2276 quoque
496 2215 620 2258 eversus
633 2218 720 2258 mous
735 2205 794 2276 est,
810 2217 900 2277 quem
914 2199 1074 2258 maximum
1088 2199 1121 2258 lu
1137 2200 1201 2258 oris

325 2281 495 2359 Progenies
517 2280 617 2342 'l'hise
636 2281 719 2342 eluro
740 2283 974 2362 supervehitur,

232 2375 267 2428 45
288 2365 365 2426 Cum
379 2364 467 2425 Medi
485 2363 652 2445 propulere
669 2385 779 2425 novum
797 2383 900 2443 mere,
915 2382 1046 2442 eumque
1059 2365 1200 2425 luseutus

325 2448 388 2508 Per
408 2447 540 2530 medium
561 2445 652 2508 elsssi
672 2449 803 2509 borbore
823 2450 907 2508 ussit
922 2447 1036 2507 Athon.

285 2530 366 2609 Quid
387 2532 503 2591 facient
524 2533 642 2607 crines,
665 2549 734 2592 eum
754 2531 840 2591 ferro
858 2528 934 2590 tulis
952 2529 1086 2590 ceduutl

325 2616 479 2695 luppiter,
500 2621 535 2674 ut
556 2613 727 2693 Chalybum
748 2632 838 2673 omue
859 2633 955 2692 genos
976 2620 1100 2694 peresi,

283 2698 326 2760 Et
345 2699 397 2777 qui
416 2698 570 2776 prinolpio
592 2700 647 2758 sub
669 2704 755 2759 terro
775 2715 925 2775 quoerere
945 2716 1038 2760 reuss

231 2792 267 2845 50
326 2782 442 2841 Institit
460 2800 496 2840 ιο
514 2782 593 2842 ferri
613 2782 759 2860 frungere
782 2782 940 2843 duritiem!

284 2865 456 2925 Abiunetue
476 2864 568 2945 poulo
589 2873 659 2926 oute
681 2885 787 2927 oomue
806 2885 874 2928 mes
894 2867 958 2926 luto
979 2883 1105 2926 sorores

324 2948 499 3026 Lugebuut‚
521 2967 589 3009 cum
611 2967 646 3008 se
666 2950 842 3012 Memnonis
861 2951 1025 3030 Aethiopis

283 3032 425 3110 Unigeuu
444 3030 607 3111 impellens
628 3035 807 3095 putentibus
828 3051 900 3094 sero
919 3034 1031 3113 penuis

325 3111 448 3175 Obtulit
468 3115 616 3175 Arsinoes
638 3116 792 3196 Cyprldos
810 3115 873 3177 eles
896 3135 1009 3196 equos,

233 3207 267 3260 55
288 3200 379 3278 loque
397 3217 455 3278 per
475 3200 628 3262 uetherlss
650 3218 701 3260 me
723 3199 838 3262 tollens
859 3199 981 3261 sdvolut
1002 3201 1123 3260 umbros

324 3283 365 3343 iot
384 3282 517 3344 Veneris
535 3290 619 3346 essto
641 3283 776 3344 oolloost
795 3285 828 3343 iu
851 3285 977 3362 gremio.

284 3366 353 3446 Ipse
374 3370 461 3427 suum
481 3369 660 3449 Zephyritis
679 3385 718 3426 eo
739 3366 886 3428 lemolum
905 3365 1041 3444 legeret,

325 3450 419 3511 Grais
437 3452 601 3530 Canopleis
620 3448 723 3511 iuoolo
743 3449 896 3511 litorlbus.

263 3529 327 3593 *Hi
348 3533 392 3593 dii
412 3553 471 3593 ven
493 3535 537 3593 ibi
558 3536 642 3594 serlo
662 3553 702 3594 ue
722 3533 819 3593 solum
841 3534 873 3592 iu
895 3531 1009 3592 lumine
1031 3529 1110 3591 eseli

232 3622 267 3678 60
328 3617 375 3676 Ex
394 3615 557 3677 Ariadneis
577 3635 669 3678 sures
688 3619 879 3696 temporibus

150 3759 157 3774 ,
284 3699 361 3760 Fixa
381 3717 494 3760 corone
514 3699 614 3776 foret,
636 3700 693 3761 sed
713 3720 769 3761 uos
791 3717 913 3779 quoque
930 3695 1118 3776 fulgeremus
