2717 4325
189 434 227 499 7⁶
483 428 852 492 PROPERTII

267 600 312 661 Ut
321 600 397 659 mihi
406 603 586 679 praetextae
597 596 699 677 pudor
710 602 759 657 est
769 594 891 657 relatus
901 600 1026 679 amictu,

307 684 349 745 Et
360 682 431 743 data
439 681 571 743 libertas
581 699 714 741 noscere
725 683 839 741 amoris
849 681 924 759 iter,

229 778 246 829 o
267 766 325 827 llla
335 765 429 827 rudes
441 766 558 825 animos
568 782 626 844 per
637 772 747 825 noctes
759 766 883 825 conscia
892 767 1007 845 primas

308 851 412 911 lnhnit
421 850 484 909 heu
494 846 588 908 nullis
600 855 691 928 capta
699 848 839 928 Lycinna
849 849 940 910 datis.

267 934 396 1015 Tertius
406 932 489 993 haud
499 931 596 993 multo
608 934 708 993 minus
719 939 769 993 eat
779 953 848 993 cum
859 931 983 994 ducitur
993 954 1107 996 annuas

306 1017 368 1079 Vix
378 1017 503 1077 memini
516 1018 606 1077 uobis
617 1019 714 1078 verba
724 1018 824 1079 coisse
836 1016 953 1078 decern.

266 1101 385 1161 Cuncta
394 1108 466 1161 tuus
475 1099 622 1181 sepelivit
632 1120 729 1178 amor,
739 1119 798 1160 nec
809 1102 1006 1181 feminapoat
1016 1109 1048 1161 te

213 1195 247 1247 lo
308 1182 383 1245 Ulla
393 1185 481 1245 dedit
492 1184 571 1246 collo
584 1182 688 1245 dulcia
696 1183 797 1244 vincla
807 1204 886 1247 meo.

265 1268 372 1329 Testis
383 1272 446 1330 erit
456 1269 549 1329 Dirce
560 1275 622 1329 tam
633 1287 708 1328 vero
720 1270 850 1329 crimine
862 1288 962 1349 saeva,

221 1422 224 1427 ¹
304 1354 440 1432 Nycteos
453 1354 611 1433 Antiopen
625 1353 806 1414 accubuisse
815 1353 911 1432 Lyco.

264 1438 315 1495 Ah
326 1439 470 1516 quotiens
480 1435 629 1516 pulchros
641 1438 719 1497 ussit
728 1439 838 1515 regina
849 1435 991 1517 capillos,

305 1518 480 1600 Molliaque
490 1522 651 1581 inmittens
662 1522 731 1580 fixit
741 1522 775 1579 in
787 1523 974 1581 cremanus!

211 1612 243 1665 15
264 1605 315 1663 Ah
327 1606 471 1684 quotiens
484 1603 630 1664 famulam
638 1606 746 1683 pensis
760 1606 899 1664 oneravit
909 1606 1034 1684 iniquis,

302 1688 345 1747 Et
356 1694 448 1765 caput
461 1689 494 1746 in
505 1687 583 1747 dura
593 1706 713 1766 ponere
723 1690 815 1749 iussit
825 1688 934 1747 humo!

263 1771 363 1848 Saepe
373 1769 460 1830 illam
470 1769 625 1831 inmundis
635 1791 726 1851 passa
736 1782 786 1832 est
795 1773 936 1832 habitare
947 1774 1098 1853 tenebris,

301 1852 406 1915 Vilem
416 1855 539 1915 ieiunae
551 1873 644 1935 saepe
654 1858 780 1934 negarit
791 1876 908 1936 aquam.

259 1937 410 2016 luppiter,
421 1940 576 2020 Antiopae
587 1959 737 2019 nusquam
748 1942 904 2000 succurris
914 1940 1043 2001 habenti

206 2029 242 2081 20
303 2020 367 2081 Tot
379 2020 481 2081 mala?
503 2026 674 2104 corrumpit
685 2024 763 2084 durr
774 2029 884 2084 catena
894 2044 1010 2086 manus.

260 2104 295 2165 Si
306 2103 382 2166 deus
394 2124 439 2186 es,
454 2108 513 2168 tibi
523 2114 615 2190 turpe
625 2115 710 2169 tuam
721 2110 840 2169 servire
851 2105 996 2189 puellam.

299 2190 424 2251 Invocet
436 2193 572 2273 Antiope
585 2212 677 2272 quem
686 2195 748 2254 nisi
758 2195 861 2256 vincta
869 2192 995 2255 lovem?

261 2270 334 2332 Sola
344 2280 458 2354 tamen,
471 2295 681 2356 quaecumque
693 2275 824 2338 aderant
833 2281 867 2339 in
879 2299 1010 2360 corpore
1022 2283 1115 2362 vires,

298 2355 432 2434 Regales
443 2361 576 2418 manicas
587 2363 672 2441 rupit
682 2367 814 2442 utraque
825 2382 925 2423 manu.

203 2448 238 2500 25
257 2438 333 2499 lnde
345 2439 542 2504 Cithaeronis
553 2445 663 2504 timido
672 2445 755 2525 pede
768 2449 866 2507 currit
876 2449 910 2506 in
921 2467 1019 2509 arces.

297 2523 365 2583 Nox
376 2532 454 2604 erat,
467 2534 501 2585 et
511 2546 618 2607 sparso
629 2531 722 2590 triste
733 2530 835 2591 cubile
846 2528 927 2610 gelu.

235 2639 237 2644 .
257 2605 358 2687 Saepe
369 2628 444 2688 vago
455 2611 552 2691 Aopi
563 2615 666 2672 sonitu
677 2621 820 2694 permota
830 2617 956 2674 fluentis

298 2690 457 2753 credebat
468 2695 609 2755 dominae
619 2716 702 2776 pone
713 2700 820 2758 venire
830 2698 939 2780 pedes.

254 2773 296 2834 Et
307 2772 417 2856 durum
431 2779 565 2838 Zethum
576 2787 609 2854 et
618 2778 756 2842 lacrimis
766 2784 941 2863 Amphiona
951 2780 1077 2843 mollem

203 2864 239 2918 30
299 2857 438 2936 Experta
449 2865 498 2918 est
512 2859 641 2921 stabulis
653 2870 752 2924 mater
763 2868 871 2927 abacta
882 2868 955 2928 suis.

254 2937 419 3019 devoluti,
434 2961 559 3020 magnos
571 2964 639 3005 cunr
650 2956 770 3027 ponunt
781 2969 916 3030 aequora
926 2957 1038 3028 motus,

293 3023 396 3084 llurus
408 3031 442 3085 et
452 3024 581 3088 adverso
593 3029 709 3092 desinit
719 3035 767 3093 ire
779 3034 872 3113 Noto,
948 3087 951 3092 .

253 3107 363 3168 Litore
375 3110 431 3169 suh
443 3111 537 3171 tacito
551 3115 670 3178 sonitus
681 3120 815 3178 rarescit
828 3137 953 3197 arenae,

294 3190 346 3251 Sic
358 3187 464 3278 (cadit
473 3195 587 3258 inflexo
598 3197 684 3281 lapsa
693 3201 799 3281 puella
809 3197 912 3288 genu]

197 3281 231 3335 35
252 3274 340 3353 Sera,
353 3282 457 3337 tamen
467 3281 583 3359 pietas:
604 3287 686 3344 natis
698 3289 899 3365 est‘cognitus
910 3305 1009 3348 error.

292 3359 392 3436 Digne
403 3362 482 3423 Iovis
494 3373 583 3426 natos
596 3370 648 3446 qni
659 3375 768 3430 tueare
780 3390 886 3450 senex,

253 3442 302 3502 'lu
314 3442 420 3506 reddis
431 3451 538 3526 pueris
550 3458 690 3530 matrem,
701 3455 854 3535 puerique
865 3454 1049 3515 trahendam

290 3525 466 3590 Vinxerunt
475 3532 591 3592 Dircen
602 3535 657 3594 sub
670 3539 768 3597 trucis
780 3558 835 3599 ora
843 3541 941 3601 bovis.

249 3609 397 3692 Antiope,
409 3633 561 3692 cognosce
573 3617 691 3678 lovem:
712 3622 772 3680 tibi
783 3620 884 3703 gloria
893 3625 988 3685 Dirce

193 3697 229 3751 to
289 3694 419 3756 Ducitur
429 3699 462 3756 in
473 3698 578 3760 multis
590 3709 722 3764 mortem
732 3705 877 3766 habitura
885 3705 973 3768 locis.
