2717 4325
241 438 285 503 ⁵4
537 436 901 503 PROPERTII

367 606 529 686 Silenique
539 624 630 666 aenea
642 610 675 665 et
684 610 775 686 pater
784 606 852 686 ipae
863 605 961 684 chori,

324 691 402 752 cum
414 691 524 769 quibua
534 689 626 749 idaeo
637 688 843 768 legistipoma
853 689 908 748 sub
921 695 1021 768 antro,

269 781 304 836 40
365 774 532 854 Supposiia
542 773 699 851 excipiens
710 770 805 831 Nuloa
816 770 896 831 ‹loua
907 792 1007 835 manu.

322 860 372 919 Au
384 860 544 936 quisquam
553 858 586 917 iu
596 861 683 915 tanto
695 860 872 935 atuprornm
883 859 1022 917 examine
1035 861 1164 938 quaerit

364 941 441 1001 ‘Our
451 942 601 1000 haeotam
613 937 723 999 livea?
746 939 814 1017 quia
826 937 936 999 dediti
958 940 1040 1001 unde
1051 940 1144 1003 dedit
1150 944 1183 1004 21’

323 1024 485 1084 0uimium
495 1029 602 1083 nostro
613 1020 738 1083 felicem
750 1027 892 1103 tempore
902 1021 1040 1102 Romam,

362 1107 396 1167 Si
410 1114 517 1167 contro
528 1126 632 1167 morea
642 1104 818 1185 unapuella
827 1106 919 1166 facit!

267 1200 302 1252 45
322 1192 409 1251 Haec
420 1190 529 1251 eudem
540 1197 612 1251 ante
623 1188 710 1251 illam
719 1191 834 1269 inpune
845 1189 1101 1251 etLeahiafeeit:

362 1275 447 1351 Quae
458 1276 609 1354 sequitur,
622 1281 709 1334 certe
720 1281 769 1334 eat
778 1273 929 1334 invidiosa
938 1276 1047 1335 minua.

321 1359 380 1435 Qui
392 1360 514 1438 quaerit
526 1358 634 1419 Tatios
644 1363 769 1419 veteres
782 1358 937 1438 durosque
949 1357 1088 1437 Sabinos,

362 1440 1026 1523 Hiopoauitnoatranuperiuurbepedem.

320 1528 370 1589 Tu
379 1528 467 1606 priua
479 1533 512 1586 et
521 1527 632 1586 fluetus
643 1528 763 1605 poteria
774 1526 890 1585 siccare
902 1527 1036 1585 marinos

263 1616 301 1670 60
362 1608 497 1689 Altaque
512 1607 636 1669 mortali
648 1608 788 1687 deligere
801 1616 883 1669 aetra
893 1628 993 1687 mauu,

319 1694 416 1770 Quam
426 1694 542 1770 faeere,
556 1698 592 1751 ut
602 1698 727 1753 nostrae
738 1691 839 1753 nolint
847 1711 979 1773 peccare
990 1689 1129 1773 puellae:

358 1778 419 1839 Hie
429 1794 495 1835 moa
506 1776 639 1836 Saturno
651 1795 747 1855 regna
756 1783 886 1837 tenente
896 1777 966 1854 fuit,

208 1918 213 1931 ,
315 1861 358 1920 lot
369 1880 438 1920 cum
447 1856 645 1920 Deucalionis
658 1879 754 1938 aquae
767 1861 885 1921 fluxere
895 1878 954 1941 per
966 1859 1083 1936 orbem,

355 1944 398 2005 lot
409 1951 481 2023 poat
495 1945 635 2023 antiquas
647 1943 843 2004 Deucalionis
854 1962 955 2023 aquaa.

264 2033 299 2087 55
320 2027 377 2089 Dio
387 2028 474 2104 mihi,
486 2029 553 2107 quia
564 2028 667 2105 potuit
678 2026 796 2088 leotum
806 2045 931 2087 servare
941 2024 1096 2106 pudicum,

356 2110 442 2187 Quae
454 2110 512 2173 dea
523 2129 592 2171 oum
602 2107 669 2171 aolo
681 2112 784 2172 vivere
795 2108 863 2170 oola
874 2109 958 2171 deul

314 2195 450 2256 Uxorem
461 2193 614 2274 quondam
625 2197 726 2272 magni
737 2195 864 2274 Minoia,
876 2201 912 2255 ut
922 2196 1016 2272 aiunt,

356 2280 505 2358 Corrupit
514 2278 597 2338 torvi
607 2276 738 2338 eandida
750 2279 850 2339 forma
863 2280 959 2341 bovis.

312 2359 379 2422 Nee
389 2362 489 2421 minuo
500 2366 605 2421 aerato
615 2360 721 2422 Danae
733 2363 921 2423 circumdata
930 2380 1017 2422 muro

258 2453 293 2508 60
352 2445 422 2506 Nou
433 2447 535 2526 potuit
545 2464 655 2524 magno
669 2452 753 2506 carta
763 2465 878 2524 negare
890 2445 958 2506 deo.

313 2529 404 2607 Quod
413 2531 440 2590 ai
451 2536 486 2591 tu
496 2531 605 2592 Graias
615 2535 713 2609 tuque
726 2548 760 2589 ea
771 2532 889 2590 imitata
898 2529 1034 2607 Latinae,

352 2613 482 2696 Semper
493 2616 560 2676 vive
571 2632 640 2676 meo
651 2613 752 2674 libera
765 2613 891 2675 iudicio.

242 2742 293 2836 31
313 2743 433 2839 Trialia
446 2780 507 2838 iam
517 2778 652 2839 redeunt
662 2782 777 2840 iterum
787 2778 949 2841 sollemnia
960 2778 1065 2838 nobis:
1126 2741 1182 2835 33

354 2861 488 2940 Cynthia
498 2862 558 2922 ium
568 2869 677 2923 noctes
690 2869 739 2923 eat
750 2870 876 2944 operata
887 2863 1011 2925 decem.-

310 2947 415 3025 Atque
425 2945 542 3006 utinam
551 2953 672 3027 pereat,
681 2945 752 3008 Nilo
765 2967 843 3026 quae
854 2968 942 3009 aacra
952 2951 1080 3027 tepente

351 3029 731 3092 Miaitmotrouialnaohia
741 3034 901 3094 Ausoniis!
1275 3080 1276 3083 ,

272 3121 288 3173 5
311 3115 396 3192 Quae
408 3113 467 3175 «lea
478 3120 541 3176 tum
551 3114 679 3196 cupido·
689 3118 806 3176 totiena
818 3115 922 3177 divisit
932 3113 1091 3176 amantea?

350 3198 568 3279 Quaecumque
577 3199 633 3260 illa
642 3201 714 3278 fuit,
725 3218 848 3280 emper
859 3221 960 3260 amara
970 3200 1039 3259 fuit.

310 3281 361 3342 Tu
373 3289 459 3340 cerie
469 3282 548 3343 Iovia
559 3283 692 3358 occultis
702 3286 736 3344 in
746 3286 910 3363 amoribua,
921 3284 965 3362 lo,

350 3365 492 3443 Sensim,
503 3364 615 3428 multuo
627 3366 703 3447 quid
712 3369 755 3427 ait
765 3369 846 3428 inire
856 3370 930 3447 vina,

310 3450 531 3511 Gumteiuuait
540 3451 657 3511 habere
667 3448 804 3532 puellam
814 3472 929 3513 cornua
938 3450 1014 3512 luno
1273 3454 1274 3457 ’

257 3544 290 3596 10
349 3535 392 3595 iot
401 3535 525 3615 pecori
538 3532 616 3594 duro
626 3535 764 3615 perdere
774 3539 964 3615 verbaaono.
1272 3486 1275 3659 l

309 3619 514 3698 Ahquotieua
526 3621 653 3699 querula
663 3618 784 3680 laesisti
793 3619 956 3680 frondibus
968 3617 1038 3678 oral
1272 3674 1273 3685 ,

349 3703 494 3765 Mauristl
505 3701 634 3764 stabulis
646 3701 751 3764 abdita
760 3709 846 3784 panta
858 3704 927 3764 luia.
1268 3694 1274 4091 ἰ
