2717 4325
454 408 648 473 uranu
689 412 822 493 v‚o,s.
1058 416 1120 483 105

244 578 359 643 Indixit
368 576 470 659 leges:
493 576 641 659 respondi
653 596 712 657 ego
723 577 854 657 ‘legibus
865 584 958 642 utar?

288 664 413 725 Riserat
422 663 555 743 imperio
566 662 649 723 faeta
658 664 792 743 superba
802 663 883 726 dato.

179 782 183 789 ·
243 750 324 811 llein
336 763 559 827 quemeumque
568 743 671 807 locum
679 754 825 809 externae
836 750 971 828 tetigere
980 749 1118 834 puellae,

286 831 391 893 Suillit
403 836 436 891 et
445 849 524 911 pura
534 828 641 890 limina
652 833 749 910 tergit
760 851 848 911 aqua,

84 902 88 913 ’
186 927 223 983 86
246 914 641 997 imperatettotaslterum
650 915 934 997 mutareluccrnas,

287 1000 414 1078 'l'erque
426 1016 528 1059 naemu
537 1000 643 1079 tetigit
655 996 781 1068 sulfuris
793 1001 864 1078 igne
877 1008 976 1083 caput.

245 1086 350 1163 Atque
362 1084 407 1143 ita
417 1088 534 1145 mutato
545 1101 603 1164 per
614 1080 733 1163 singula
745 1081 841 1164 pallia
850 1083 934 1147 lecto

284 1164 455 1249 Despondi,
466 1175 500 1228 et
508 1173 575 1227 toto
587 1166 733 1227 solvimus
745 1187 827 1227 arma
837 1173 917 1230 toro.

199 1299 225 1392 ll
243 1299 543 1415 Amphitryoniades
554 1355 613 1414 qua
623 1340 810 1415 tempestate
820 1336 965 1395 iuvencos

284 1419 402 1497 digerat
415 1438 432 1477 a
443 1416 583 1497 stabulis,
596 1438 614 1480 o
625 1418 775 1499 Erythea,
787 1420 861 1497 tuls,

243 1502 340 1565 Venit
351 1502 390 1577 ad
400 1501 532 1563 invictos
541 1521 693 1584 pecorosa
702 1500 821 1562 Palatia
831 1509 963 1581 montes,

284 1587 326 1646 Et
336 1586 444 1647 statuit
453 1586 554 1646 fessos
565 1586 666 1647 fessus
678 1588 790 1667 etipse
802 1587 907 1665 boves,

205 1678 222 1730 5
245 1670 311 1745 Qua
322 1666 457 1732 Velabra
467 1688 522 1729 suo
534 1672 716 1749 stagnabant
726 1671 864 1749 flumine,
876 1688 996 1750 quaque

284 1752 383 1813 Nauta
394 1770 451 1832 per
461 1754 595 1812 urbanas
605 1752 780 1813 velificabat
791 1773 894 1833 aquas.

245 1834 308 1897 Sed
319 1855 382 1896 non
392 1835 488 1896 infido
498 1843 678 1897 manserunt
689 1838 813 1916 bospite
826 1838 907 1897 caco

282 1917 469 1980 Incolumes:
490 1918 576 1980 furto
587 1918 701 2001 polluit
712 1918 769 1980 ille
780 1920 892 1982 lovem.

240 2002 344 2063 Incola
353 2004 452 2063 Cacus
463 2011 541 2082 erat,
553 2003 720 2064 metuendo
731 2009 839 2084 raptor
851 2004 888 2063 ab
900 2010 1001 2083 antro,
1058 2034 1061 2038 ²

190 2097 225 2149 10
285 2087 347 2147 Per
358 2088 419 2147 tria
429 2088 561 2168 partitos
573 2090 626 2170 qui
637 2086 730 2148 dabat
740 2107 794 2147 ora
803 2088 900 2147 focos.

242 2171 313 2249 llic,
324 2190 364 2231 ne
376 2178 463 2231 certa
473 2172 580 2232 forent
591 2173 773 2232 manifestae
785 2173 873 2250 signa
882 2171 1020 2251 rapinae,

284 2257 419 2317 Aversor
431 2255 527 2316 cauda
537 2258 632 2317 traxit
644 2258 677 2316 in
688 2262 777 2317 antra
786 2257 892 2335 boves,

241 2337 307 2399 Nee
320 2339 387 2399 alne
398 2345 480 2400 teste
494 2340 570 2401 deo:
591 2341 694 2401 finem
704 2359 839 2401 sonuere
849 2339 981 2418 iuvenci,

281 2423 375 2483 Furis
386 2429 418 2484 et
430 2424 599 2503 inplacidas
611 2424 709 2486 diruit
718 2426 766 2485 ira
775 2425 872 2488 fores.

189 2513 222 2567 1⁵
244 2504 400 2568 Maenalio
411 2508 506 2568 lacuit
515 2506 621 2588 pulsus
634 2511 695 2570 tria
704 2515 847 2590 tempora
857 2527 941 2568 ramo

282 2591 391 2669 Cacus,
403 2597 436 2650 et
447 2589 575 2652 Alcides
586 2594 631 2652 sie
643 2594 701 2653 ait:
724 2594 780 2653 ‘ite
792 2594 896 2670 boves,

241 2672 388 2734 Herculis
399 2676 444 2735 ite
455 2677 559 2754 boves,
570 2683 697 2737 nostrae
707 2676 796 2737 labor
806 2674 915 2736 ultime
927 2674 1040 2754 clavae,

281 2757 334 2817 Bla
346 2759 422 2818 mihi
434 2761 602 2838 quaesitae,
616 2762 665 2821 bis
677 2779 746 2821 mea
755 2759 882 2842 praeda,
892 2760 998 2836 boves,

241 2841 384 2921 Arvaque
395 2844 512 2921 mugitu
525 2845 642 2904 sancite
654 2846 761 2905 boaria
771 2844 881 2924 longo:
938 2913 943 2920 ¹

185 2932 222 2984 20
283 2923 397 2986 Nobile
412 2927 972 3009 eritRomaepascuavestraforum.'

240 3009 378 3088 Dixerat,
390 3017 423 3071 et
434 3011 516 3071 sicco
528 3018 630 3073 torret
641 3013 710 3072 aitis
721 3010 899 3092 crapulato,

284 3092 447 3174 Terraque
463 3114 525 3155 non
537 3095 613 3158 ullas
625 3097 690 3155 leta
699 3097 855 3156 ministrat
866 3113 969 3173 aquas.

241 3175 306 3236 Sed
315 3175 426 3258 procul
437 3178 571 3248 inclusas
583 3179 669 3241 audit
678 3177 785 3239 ridere
796 3175 927 3258 puellas.

280 3260 382 3321 Lucus
398 3263 435 3323 ab
446 3266 591 3324 umbroso
602 3265 723 3325 fecerat
733 3262 811 3322 orbe
821 3279 941 3337 nemus,

183 3351 218 3404 25
240 3342 409 3406 Femineae
419 3344 489 3407 loca
500 3348 603 3408 clausa
613 3347 691 3408 deae
701 3346 868 3423 fontesque
877 3341 1018 3425 piandos,

278 3429 397 3510 lnpuue
409 3437 442 3491 et
452 3431 546 3492 nullis
557 3452 644 3492 sacra
655 3435 777 3492 retecta
786 3430 871 3490 viris.

238 3511 335 3573 bevra
347 3516 499 3594 puniceae
509 3513 654 3576 velabant
665 3513 772 3576 limina
782 3513 887 3590 vittae,

279 3596 386 3659 Putria
398 3599 527 3660 odorato
537 3599 660 3660 luxerat
670 3601 742 3677 igne
754 3617 834 3675 casa,

238 3679 375 3761 Populus
388 3690 421 3742 et
431 3681 533 3763 longis
545 3685 674 3744 ornabat
684 3681 848 3743 frondibus
860 3677 977 3753 aedem,
