2717 4325
530 418 675 480 TIBULLI
697 419 765 479 ilii.
783 421 805 484 1.
822 430 848 482 4.
1169 421 1189 482 9

180 591 241 651 Hic
261 589 381 670 placet,
411 590 548 667 augustis
571 587 654 667 quod
676 607 789 667 equum
810 590 982 670 ,compescit
1003 591 1148 652 habenis:

224 675 285 734 Hic
305 671 459 754 placidam
479 674 571 734 niveo
592 678 723 752 pectore
743 672 836 755 pellit
857 694 980 754 aquam:

180 759 264 836 Hie,
282 759 354 838 quia
369 757 462 818 fertis
480 755 569 817 adest
590 755 734 836 audacia,
758 760 857 839 cepit:
879 764 910 817 at
930 756 979 818 illi

223 843 391 920 Virgineus
413 849 539 902 teneras
561 847 622 901 stat
642 840 745 922 pudor
766 849 837 902 ante
860 859 964 921 genas.

180 925 245 986 Sed
266 945 307 986 ne
328 932 360 986 te
382 927 522 1006 capiant,
543 927 644 1006 primu
664 928 691 987 si
713 927 796 987 forte
819 927 959 1006 negabit,
1159 937 1190 988 15

224 1009 357 1070 Taedia:
379 1010 528 1091 paulatim
550 1011 698 1088 subiuga
720 1010 801 1071 colla
823 1010 917 1071 dabit.

182 1096 289 1174 Longa
312 1094 379 1155 dier
400 1095 518 1155 homiui
540 1093 646 1154 docuit
664 1113 777 1175 parere
795 1095 922 1172 leones,

222 1180 330 1258 Longa
352 1178 420 1240 dies
437 1176 524 1257 mplli
546 1198 617 1238 saxa
637 1177 763 1258 peredit
784 1198 876 1256 aqna:

182 1265 288 1323 Annus
309 1263 342 1322 in
364 1263 477 1343 apricis
496 1267 629 1322 maturat
651 1260 784 1322 collibus
803 1281 894 1338 uvas,

224 1348 332 1406 Annus
353 1348 417 1425 agit
438 1353 523 1406 certa
544 1344 647 1406 lucida
669 1348 755 1424 signa
777 1347 852 1406 vice.

181 1429 247 1490 Nec
268 1432 372 1490 iurare
393 1432 484 1490 time:
505 1431 640 1492 Veneris
660 1431 798 1511 periuria
820 1431 905 1489 venti

225 1516 317 1575 irrita
337 1533 395 1595 per
417 1521 518 1575 terras
541 1520 574 1574 et
594 1514 676 1576 freta
698 1534 814 1574 summa
834 1515 950 1574 ferunt.

182 1599 290 1660 Gratia
311 1619 420 1678 magna
442 1600 518 1659 Iovi:
539 1599 638 1658 vetuit
658 1606 749 1678 pater
770 1599 838 1678 ipse
860 1596 980 1676 valere,

226 1682 361 1743 iurasset
383 1682 495 1763 cupide
515 1682 662 1763 quicquid
684 1685 809 1763 ineptus
832 1701 931 1742 arnor:

63 1842 64 1845 Ἴ
183 1768 305 1845 Perque
325 1787 394 1828 suas
415 1769 540 1848 impune
562 1769 637 1827 sinit
657 1768 811 1847 Dictynna
834 1768 959 1845 sagittas

223 1852 387 1926 Affirmes,
409 1853 512 1912 crines
534 1870 655 1932 perque
675 1851 818 1912 Minerva
839 1870 919 1911 suos.

182 1938 226 1996 At
245 1937 272 1995 si
292 1935 399 1995 tardus
422 1937 502 2013 eris,
523 1936 658 1995 errabis:
681 1937 813 1995 transiet
834 1942 927 1995 aetas.

225 2021 321 2096 Quam
344 2021 405 2080 cito
425 2039 488 2079 nen
510 2021 613 2098 segnis
636 2025 697 2078 stat
718 2026 898 2098 remeatque
921 2017 1002 2077 dies!

183 2105 280 2181 Quam
302 2105 364 2164 citu
385 2121 561 2185 purpureos
584 2101 730 2184 deperdit
752 2108 838 2163 terra
858 2100 998 2178 colores,

226 2190 323 2265 Quam
345 2189 407 2249 cito
427 2190 578 2249 formosas
599 2185 731 2267 populus
755 2185 816 2245 alta
836 2186 950 2247 camasi

183 2275 280 2351 Quam
298 2274 397 2351 iacet,
418 2273 560 2333 infirmae
582 2289 698 2331 venere
714 2272 773 2330 ubi
794 2270 859 2329 iata
880 2274 1042 2346 senectae,

226 2358 285 2433 Qui
304 2358 392 2437 prior
413 2355 493 2416 Elec
515 2362 564 2417 est
585 2374 713 2415 carcere
736 2355 845 2413 missus
867 2353 979 2433 equus!

63 2485 64 2490 κ
183 2440 257 2503 Vidi
278 2442 339 2500 iam
360 2441 517 2517 iuvenem,
538 2446 699 2520 premeret
722 2458 789 2497 cum
809 2440 910 2498 serior
931 2443 1031 2514 aetas,
1065 2434 1068 2443 ⁴

98 2594 103 2600 ‚
226 2525 422 2585 Maerentem
444 2522 557 2584 stultos
578 2522 780 2604 praeteriisse
802 2520 878 2583 dies.

184 2607 338 2670 Crudeles
360 2607 437 2669 divi!
460 2626 591 2688 serpens
609 2625 705 2679 novus
729 2606 813 2666 exuit
836 2624 946 2665 anuos:

224 2693 358 2753 Formae
379 2712 442 2752 non
463 2691 559 2752 ullam
581 2691 643 2751 fata
665 2688 783 2751 dedere
803 2709 929 2750 moram.

63 2797 64 2804 ¹
185 2772 266 2837 'Solis
288 2783 416 2837 aeterna
437 2784 486 2838 est
506 2776 634 2836 Phoebo
655 2775 839 2853 Bacchoque
861 2776 1000 2834 iuventa:

226 2861 303 2921 Nam
326 2860 417 2921 decet
437 2863 578 2921 intonsus
601 2860 695 2920 erinis
717 2865 881 2937 utrumqne
904 2858 1004 2920 deum.

186 2946 251 3022 Tu,
273 2963 371 3025 puero
395 2944 601 3025 quodcunque
622 2951 676 3004 tub
698 2950 853 3025 temptare
874 2942 1003 3020 libebit,

227 3027 345 3091 Cedasa
367 3030 516 3109 obsequio
538 3028 672 3109 plurima
689 3031 785 3089 vincit
807 3048 901 3089 amor.
963 3034 974 3054 “

183 3116 252 3177 Neu
274 3132 377 3174 comes
396 3116 444 3174 ire
465 3130 580 3192 neges,
605 3114 741 3192 quamvis
760 3115 808 3173 via
827 3111 919 3190 longa
937 3117 1066 3190 paretur

225 3198 268 3260 Et
290 3199 383 3260 canis
405 3199 507 3259 arenti
528 3204 648 3258 torreat
667 3218 739 3257 arva
761 3198 829 3274 riti,

161 3340 164 3345 .
185 3284 328 3362 Quamvis
349 3289 536 3364 praetexens
558 3284 646 3364 picea
667 3281 830 3359 ferrugine
853 3276 972 3339 caelum

227 3367 398 3430 Venturam
421 3367 563 3429 admittat
583 3365 727 3426 imbrifer
751 3384 838 3425 arcus
862 3381 980 3442 aquam.

184 3450 247 3516 Vel
268 3454 295 3512 si
317 3451 476 3514 caeruleas
496 3452 593 3533 puppi
610 3449 696 3511 volet
715 3450 763 3509 ire
785 3466 844 3528 per
864 3445 979 3522 undar,

228 3536 297 3616 lpse
317 3534 419 3598 levem
440 3554 527 3596 remo
548 3553 606 3616 per
627 3534 711 3593 freta
731 3530 816 3613 pelle
838 3536 945 3591 ratem.

63 3603 64 3634 ³
183 3620 251 3681 Nec
272 3626 306 3681 te
324 3622 485 3701 paeniteat
505 3618 599 3679 duros
620 3619 752 3678 subiisse
771 3614 897 3676 labores

228 3705 292 3768 Aut
313 3724 409 3785 opera
430 3706 567 3765 insuetas
590 3702 756 3763 atteruisse
777 3717 901 3775 manus,
