2717 4325
195 442 237 508 86
492 441 857 505 anennual}

196 624 198 631 “
280 614 384 690 (iuria,
395 618 557 695 praetexto
570 630 647 691 quae
659 631 741 671 nune
753 613 834 672 nitet
845 610 908 673 alta
920 612 1048 699 Senatu,

319 694 452 757 Pellitos
463 697 580 774 habuit,
591 697 709 755 rustiea
719 692 824 773 eorda,
835 702 950 777 patres.

279 782 413 841 Bnccina
423 782 554 857 cogebat
564 780 684 861 priseos
696 776 735 838 ad
745 781 839 838 verba
852 781 1006 856 Quirites:

321 865 454 925 Centum
468 862 515 924 illi
526 864 559 921 in
569 869 659 943 prato
671 880 764 943 saepe
777 862 908 923 Senatus
920 872 997 927 erat.

227 958 260 1011 15
281 947 346 1009 Nec
358 949 480 1008 sinuosa
491 966 563 1007 aava
574 945 755 1026 pendebant
764 944 834 1006 vela
844 948 978 1026 theatra,

319 1027 938 1112 Pulpitasollemnisnonaluereerncos.

279 1114 364 1176 Nulli
377 1136 449 1175 cura
459 1116 521 1175 fuit
531 1120 677 1175 externos
690 1132 842 1193 quaerere
854 1114 950 1193 divos,

322 1200 400 1260 Cum
410 1204 563 1259 tremeret
572 1199 673 1279 patrio
685 1197 822 1278 pendula
832 1201 923 1258 turba
933 1217 1032 1276 saera,

280 1286 451 1362 Annuaque
463 1301 592 1343 accenso
605 1280 767 1342 celebrare
777 1282 894 1343 Parilia
904 1283 1021 1366 faeno„

225 1376 262 1429 20
322 1365 431 1443 Qualia
442 1386 523 1427 nune
536 1370 624 1427 earto
634 1364 735 1425 lustra
745 1374 896 1427 novantur
907 1385 996 1447 equo.

280 1450 377 1512 Vesta
388 1452 542 1511 coronatis
552 1469 671 1531 pauper
683 1450 835 1529 gaudebat
846 1450 962 1528 asellis,

319 1533 907 1595 Ducebantmaaraeriliaaaeraboves.

277 1618 375 1677 Parva
386 1620 515 1697 saginati
525 1617 698 1678 lustrabant
709 1620 842 1699 campita
851 1620 950 1699 porei,

318 1701 429 1761 Pastor
441 1708 475 1761 et
486 1700 525 1759 ad
535 1700 667 1761 calamos
679 1707 750 1761 exta
760 1701 871 1761 litabat
881 1703 955 1764 ovis.

223 1794 258 1845 25
281 1784 422 1846 Verbera
433 1781 561 1864 pellitus
573 1790 693 1845 saetosa
706 1786 847 1845 movebat
858 1791 972 1862 arator,

319 1866 411 1927 Unde
421 1866 520 1928 licen
531 1866 644 1929 Fabius
655 1888 743 1928 sacra
752 1870 911 1949 Lupercus
922 1870 1025 1930 babet.

278 1950 343 2011 Nec
354 1951 441 2011 rudis
452 1953 575 2012 infestis
588 1952 677 2013 miles
688 1952 828 2013 radiabat
837 1954 870 2011 in
882 1954 991 2012 armis:

317 2036 494 2097 Miscebant
505 2042 573 2096 usta
583 2035 704 2116 praelia
717 2036 798 2097 nuda
809 2036 894 2097 aude.

275 2121 379 2183 Prima
390 2119 538 2201 galeritus
549 2121 653 2200 posuit
662 2122 821 2201 praetoria
830 2120 977 2200 Lycmon,

222 2214 258 2267 30
318 2208 493 2286 Magnaque
506 2223 577 2284 pars
590 2204 681 2265 Tatio
695 2224 801 2265 rerum
811 2214 880 2264 erat
890 2207 974 2266 iuter
985 2224 1065 2265 aves.

276 2291 358 2350 Hine
370 2291 493 2350 Titiens
502 2288 697 2368 Ramnesque
709 2291 767 2348 viri
780 2290 979 2368 Luceresque
994 2288 1106 2368 calani,

315 2374 467 2449 Quattuor
477 2375 550 2434 bine
561 2369 647 2434 albos
658 2373 805 2436 Romulus
815 2375 880 2453 egit
890 2391 995 2453 equas.

239 2481 246 2494 ·
275 2458 397 2538 Quippe
410 2458 603 2518 suburbanae
615 2479 708 2537 parva
720 2460 838 2518 eminus
849 2460 927 2518 urbe
939 2455 1074 2519 anillae
1165 2486 1170 2492 ·

316 2541 367 2618 nt,
380 2543 433 2621 qui
444 2562 525 2602 nunu
537 2539 626 2620 nulli,
640 2543 769 2602 maxima
779 2542 870 2601 turba
881 2541 970 2619 Gabi,

220 2632 255 2686 35
276 2624 319 2684 nt
332 2627 421 2686 stetit
430 2623 511 2686 Alba
524 2631 647 2705 patens,
660 2624 747 2686 albae
760 2626 823 2685 suis
835 2627 937 2686 omine
948 2631 1028 2702 nata,
1072 2623 1078 2634 '

315 2710 393 2786 Hac,
405 2711 457 2769 ubi
468 2709 604 2769 Fidenas
614 2709 708 2787 lange
720 2715 788 2768 erat
797 2710 845 2768 ire
857 2711 929 2769 vias.

273 2790 325 2850 Nil
335 2793 469 2869 patrium
480 2793 539 2852 nisi
549 2810 662 2851 nomen
673 2794 768 2852 habet
779 2793 931 2852 Romanus
944 2789 1098 2851 alumnus:

314 2873 478 2951 Sanguinis
492 2873 632 2935 ultricem
643 2894 706 2935 non
715 2875 815 2956 pudet
827 2893 896 2935 esse
907 2874 1019 2956 lupam.

273 2957 342 3016 Huc
353 2955 464 3016 melius
476 2958 624 3038 profugos
636 2959 757 3038 misisti,
770 2959 875 3037 Troia,
886 2966 1024 3040 penates.

219 3048 255 3102 40
316 3039 343 3098 0
356 3038 440 3119 quali
450 3047 539 3100 vecta
550 3048 599 3102 eat
609 3041 750 3103 Dardana
760 3044 872 3124 puppis
883 3043 953 3103 ave!

272 3123 334 3183 lam
345 3124 425 3184 bene
438 3123 631 3206 spondebant
641 3135 715 3188 tune
727 3127 837 3204 nmina,
850 3125 933 3206 quod
942 3123 1021 3186 nibil
1031 3123 1119 3186 illam

315 3208 464 3268 Laeserat
475 3210 597 3290 abiegni
607 3220 717 3271 venter
729 3216 855 3290 apertus
866 3211 950 3289 equi,

274 3291 352 3351 (ium
365 3301 455 3372 pater
464 3295 498 3354 in
511 3297 594 3372 gnati
605 3295 747 3375 trepidus
759 3296 881 3356 cervice
890 3291 1053 3374 pependit,

313 3376 355 3436 lit
366 3378 465 3436 verita
476 3384 525 3438 est
535 3379 681 3438 humeros
692 3397 786 3439 urere
796 3381 917 3440 flamma
927 3378 1006 3457 pins.

217 3466 251 3519 45
274 3459 363 3520 Tune
375 3462 466 3520 animi
477 3479 592 3520 venere
603 3461 679 3520 Deci
690 3463 841 3542 Brutique
853 3480 991 3537 secures,

313 3542 407 3603 Venit
418 3549 451 3602 et
461 3545 527 3622 ipsa
541 3546 588 3603 sui
600 3545 743 3604 Caesaris
755 3566 838 3606 arma
847 3547 965 3622 Venus,

270 3625 365 3684 Arma
375 3627 568 3704 resurgentis
577 3633 705 3707 portans
715 3630 856 3690 victricia
867 3629 999 3691 Troiae:
1082 3653 1088 3662 ·

211 3791 218 3802 ,
310 3705 401 3767 Felix
412 3715 497 3768 terra
508 3715 578 3770 tuos
590 3712 685 3791 cepit,
694 3709 771 3790 lule,
784 3711 877 3788 deas;
