2717 4325
439 429 857 512 lIBER11‚a‚4‚5.
1090 433 1133 497 25

259 600 381 679 Quippe
392 600 445 659 ubi
456 617 515 659 nec
526 617 631 659 causas
642 618 702 659 nec
713 604 839 679 apertos
850 600 1006 661 cernimus
1015 602 1111 663 ictus:

203 690 243 745 lo
300 682 392 743 Unde
403 689 507 751 tamen
517 684 643 743 veniant
652 688 701 742 tot
711 680 791 743 mala
803 701 895 743 caeca
903 685 953 744 via
963 692 1022 749 eat.
1100 696 1134 749 10

256 767 285 827 N
287 786 326 827 on
338 774 412 846 eget
420 768 472 827 hic
483 765 621 843 medicis,
632 786 695 827 nun
706 764 799 829 lectis
809 765 955 829 mullibus
966 788 1071 849 aeger,

299 850 380 911 Huic
391 850 507 912 nullum
519 848 599 911 caeli
610 856 732 931 tempus
744 857 777 911 et
789 870 862 911 aura
872 860 981 913 nocet:

256 933 412 1013 Ambulat,
424 942 457 995 et
468 936 569 995 subite
581 935 733 994 mirantur
744 934 837 995 funus
848 938 954 997 unici:

299 1018 351 1079 Sic
363 1026 413 1078 eat
421 1020 587 1096 incautum,
600 1018 749 1097 quiequid
758 1020 892 1079 habetur
903 1040 997 1082 amur.

202 1112 236 1166 25
258 1100 973 1184 Namcuinunegusumlallaeipraerniavati?
1098 1113 1132 1170 15

298 1187 380 1263 Quae
395 1206 463 1247 mea
475 1205 539 1245 non
549 1184 656 1245 decies
668 1187 786 1245 somnia
797 1192 902 1247 versat
911 1188 1009 1248 anus?

256 1271 364 1330 Hostis
376 1272 402 1330 ai
414 1272 483 1350 quis
495 1270 558 1329 erit
567 1270 667 1346 nobis,
680 1274 763 1329 amet
772 1268 828 1331 ille
838 1268 974 1350 puellas:

299 1352 441 1413 Gaudeat
451 1354 483 1413 in
494 1370 605 1433 puero,
617 1354 644 1413 si
656 1355 725 1432 quis
736 1354 850 1413 amicus
862 1356 933 1415 erit.

258 1436 445 1517 Tranquillo
456 1443 523 1497 tuta
533 1436 699 1497 descendis
710 1438 837 1498 flumine
849 1439 973 1517 cymba:

203 1529 239 1583 30
300 1520 382 1597 Quid
392 1522 451 1581 tibi
462 1528 525 1581 tam
534 1522 621 1601 parvi
632 1520 736 1581 litoris
747 1520 830 1581 unda
840 1522 956 1583 nocet?
1097 1532 1133 1586 20

172 1646 175 1653 -
256 1602 349 1665 Alter
363 1624 455 1686 saepe
467 1624 528 1665 uno
539 1610 637 1665 mutat
647 1605 833 1684 praecordia
842 1608 949 1685 verbo,

295 1688 405 1750 Altera
415 1691 464 1750 vix
474 1690 542 1771 ipso
555 1690 705 1768 sanguine
715 1687 821 1749 mollis
832 1691 903 1749 erit.

215 1819 240 1913 5
257 1818 328 1918 lluc
338 1874 444 1916 verum
455 1861 514 1934 eat,
525 1863 591 1916 tota
600 1863 634 1916 te
647 1858 738 1935 ferri,
750 1857 894 1937 Cynthia,
908 1857 1006 1917 Rama

294 1938 337 1998 Et
346 1957 409 1998 non
420 1941 525 2017 ignota
535 1940 639 1999 vivere
650 1941 814 2019 nequitia?

255 2022 342 2083 Haec
353 2024 453 2081 merui
464 2023 615 2100 sperare?
637 2022 724 2082 dabir
736 2022 823 2101 mihi,
836 2022 967 2102 perlida,
977 2041 1110 2104 peenas:

295 2105 338 2168 lit
348 2106 438 2167 nobis
451 2105 563 2188 aliquo,
577 2106 721 2186 Cynthia,
733 2112 843 2166 ventur
855 2107 926 2168 erit.

218 2201 236 2253 6
256 2191 412 2252 Inveniam
421 2197 525 2250 tamen
537 2209 554 2250 e
566 2191 672 2250 multis
684 2188 848 2250 fallacibus
858 2208 960 2268 unam,

299 2276 385 2352 Quae
395 2276 465 2335 lieri
476 2283 584 2336 nestro
597 2276 733 2336 carmine
744 2281 819 2334 nota
827 2272 906 2334 velit

254 2360 320 2420 Nec
332 2360 408 2419 mihi
418 2365 481 2419 tam
493 2357 579 2419 duria
589 2356 722 2420 insultet
731 2359 869 2418 moribus
881 2363 914 2417 et
924 2364 958 2415 te

296 2441 450 2505 Velliect:
472 2443 535 2522 heu
546 2461 617 2503 aero
628 2444 720 2504 flebis
731 2449 829 2502 amata
841 2441 902 2502 diu.

254 2528 343 2588 Nunc
356 2534 405 2587 est
415 2529 462 2586 ira
472 2545 594 2605 recens,
605 2547 687 2586 nunc
698 2533 748 2588 est
759 2524 923 2586 discedere
932 2531 1071 2605 tempus:

201 2621 236 2674 1⁰
301 2611 335 2672 si
346 2610 436 2671 dolor
447 2611 593 2689 abluerit,
606 2611 713 2688 crede,
723 2610 842 2671 redibit
853 2629 946 2669 amer.

254 2695 325 2758 Non
334 2697 380 2755 ita
391 2696 578 2776 carpathiae
590 2697 711 2755 variant
723 2689 929 2776 Aquilonibus
941 2688 1041 2752 undae

296 2778 362 2840 Nec
374 2779 468 2839 dubio
479 2781 577 2839 nubes
588 2781 721 2839 vertitur
733 2786 801 2839 atra
810 2778 901 2856 Nato,

256 2863 353 2940 Quam
364 2863 457 2924 facile
471 2864 543 2924 irati
553 2866 649 2924 verbo
662 2869 819 2923 mutantur
831 2867 985 2921 amantes:

194 2951 195 2956 ’
294 2948 373 3008 Dum
383 2946 472 3024 licet,
482 2948 597 3007 iniusto
609 2949 758 3008 subtrahe
770 2946 850 3008 colla
860 2947 942 3024 ingo.

201 3037 235 3091 15
255 3030 321 3091 Nec
331 3037 366 3091 tn
376 3051 440 3092 nan
451 3030 577 3109 aliquid,
590 3031 646 3092 sed
656 3033 757 3111 prima
767 3037 860 3090 noete
872 3027 1009 3090 dolebis:

295 3114 394 3175 Omne
405 3116 439 3173 in
449 3132 553 3174 amore
565 3113 689 3190 mulum,
701 3115 727 3172 si
738 3115 869 3193 patiare,
880 3111 950 3172 leve
962 3117 1020 3173 est.

253 3198 342 3257 Atta
352 3215 411 3278 per
423 3195 564 3256 dominae
576 3196 701 3256 lunonis
714 3194 816 3255 dulcia
825 3197 894 3255 iura

294 3279 393 3341 Parce
404 3282 467 3340 tuis
479 3281 598 3357 animis,
610 3279 683 3356 vita,
693 3297 809 3338 nocere
820 3279 889 3338 tibi.

253 3365 323 3424 Non
334 3364 432 3425 solum
443 3370 549 3424 taurus
560 3363 638 3423 ferit
648 3364 737 3422 uncis
747 3362 893 3422 cornibus
903 3359 1037 3436 hostem,

198 3457 235 3511 20
295 3449 414 3510 Verum
426 3449 519 3508 etiam
530 3449 658 3508 instanti
670 3448 756 3509 laesa
766 3449 919 3527 repugnat
930 3443 1004 3504 ovis

253 3532 319 3593 Neu
330 3533 389 3592 tibi
399 3533 529 3613 periuro
541 3530 679 3592 scindam
691 3529 731 3592 de
743 3547 876 3611 corpore
886 3533 1016 3604 vestem,

294 3616 360 3677 Nec
373 3634 441 3676 mea
454 3612 633 3698 praeclusas
644 3616 778 3694 fregerit
788 3616 836 3673 ira
846 3614 943 3689 fores,

252 3700 318 3762 Nec
333 3701 390 3760 tibi
403 3719 557 3761 connexos
568 3701 665 3761 iratus
677 3716 807 3780 carpere
819 3697 922 3758 crinea
