2717 4325
190 447 233 511 92
486 443 854 507 tuoruum}

274 614 512 692 Dicmibi,nu1n
522 611 1002 677 teuercsuritlcricclceertcs?

316 698 395 759 Num
408 700 508 777 gravis
519 696 654 759 inbelles
665 699 870 759 utteritbssts
880 702 1010 761 mcum?

221 792 256 845 25
275 783 361 844 Haec
373 786 507 843 nocetnt
517 784 631 863 potius,
644 802 734 861 quem
744 780 890 843 dentibus
900 782 963 844 ulls
972 784 1077 865 puelle

315 862 640 945 Detmibiplcrsudes
650 884 710 946 per
719 873 772 926 tus
783 864 866 927 colle
875 874 973 929 notes.

277 950 398 1011 Diceris
410 957 443 1010 et
453 948 677 1011 mucievultum
689 956 848 1011 tenuasse:
870 950 927 1010 sed
938 959 1021 1031 opto,
1105 1008 1110 1015 .

314 1034 341 1097 Ε
354 1032 510 1094 desiderio
522 1034 564 1093 sit
575 1031 660 1094 color
671 1034 732 1095 iste
742 1052 821 1097 mec.

274 1119 317 1178 At
326 1118 402 1179 mibi
413 1137 481 1179 cusu
494 1123 603 1187 noctes
614 1116 735 1178 induxit
744 1136 856 1198 vesper
866 1137 993 1196 amnes,

219 1211 255 1265 30
315 1201 350 1263 si
361 1220 421 1281 qus
430 1201 541 1262 relictu
550 1202 663 1279 iacent,
675 1201 799 1262 osculor
809 1222 892 1263 erma
901 1208 963 1263 tus.
1010 1261 1018 1273 ‚

274 1286 355 1347 Tum
366 1304 482 1365 queror
491 1286 524 1345 iu
535 1291 602 1345 tcto
614 1303 676 1345 uon
688 1285 792 1347 sidere
802 1284 897 1365 pullis
905 1282 1001 1363 lecte,

313 1369 406 1430 Lucis
418 1376 452 1429 et
463 1375 605 1429 auctores
615 1388 678 1429 uou
689 1368 765 1429 dure
776 1388 900 1429 carmen
911 1387 991 1429 sves.

272 1452 421 1514 Noctibus
432 1453 574 1513 bibernis
585 1455 755 1513 cestrensis
764 1472 861 1534 pense
869 1452 978 1513 lsbcrc

311 1537 354 1599 Et
365 1537 463 1617 Tyris
473 1538 506 1597 iu
518 1535 621 1596 radios
632 1536 751 1597 vellere
761 1543 847 1597 secte
857 1556 939 1611 suos,

217 1630 252 1683 35
271 1622 314 1683 Iit
325 1620 422 1699 disco,
435 1626 595 1700 quupcrte
605 1621 682 1680 fluct
693 1620 862 1681 vincendus
872 1622 1000 1697 Araxes,

313 1705 396 1781 Quot
406 1705 474 1764 sine
486 1724 563 1782 equa
572 1704 707 1763 Parthus
717 1703 803 1765 milis
812 1710 918 1765 curret
928 1721 1036 1782 equus,

273 1788 376 1865 Oogcr
387 1794 420 1847 et
431 1804 449 1845 e
459 1784 563 1847 tubuln
573 1788 673 1866 pictos
685 1788 827 1849 ediscere
838 1787 978 1865 mundos,

312 1869 419 1948 Qualis
431 1878 464 1931 et
474 1872 551 1931 haec
563 1870 646 1931 docti
658 1874 700 1932 sit
708 1874 849 1953 positure
860 1871 922 1950 dei,

271 1956 357 2032 Quse
367 1953 461 2017 tellus
472 1957 513 2016 sit
523 1955 609 2016 lente
618 1955 702 2034 gelu,
713 1975 792 2037 quse
802 1958 904 2037 putris
913 1957 951 2016 sb
962 1962 1060 2035 cestu

216 2046 251 2101 40
312 2040 432 2101 Ventus
442 2041 475 2099 iu
486 2037 604 2100 ltaliam
616 2042 668 2118 qui
678 2042 759 2101 bene
770 2039 839 2101 vele
851 2040 943 2100 feret

272 2121 406 2186 Adsidet
416 2144 477 2185 une
488 2143 588 2203 soror,
600 2124 682 2184 curis
694 2131 728 2184 et
736 2124 851 2205 pallide
861 2125 964 2185 nutrix

311 2208 438 2269 Peicrst
448 2210 574 2269 hiberni
584 2210 734 2288 temporis
747 2227 817 2269 esse
827 2229 940 2269 murus.

269 2291 359 2352 Felix
370 2290 543 2372 Hippolyte
553 2291 636 2352 uude
645 2291 720 2352 tulit
730 2312 813 2352 erma
822 2292 938 2373 pupille

310 2376 353 2435 Et
367 2377 446 2436 texit
455 2375 544 2454 gulec
553 2376 686 2438 herbera
695 2374 789 2436 molle
801 2383 901 2456 caput.

216 2467 250 2520 db
271 2459 417 2519 Itommuis
427 2462 544 2520 utinum
554 2461 729 2541 patuissent
739 2466 840 2522 cestre
848 2457 981 2541 puellis!

310 2543 855 2622 Essemmilitiscssrcinnddstuce,

267 2627 334 2688 Nec
347 2647 396 2689 mc
407 2628 569 2711 tunderent
579 2628 726 2708 Scythiae
735 2630 816 2708 iugc,
829 2635 998 2709 cumpater
1009 2625 1085 2687 ultus

310 2712 435 2773 Africus
446 2715 479 2772 iu
491 2710 620 2790 glaciem
632 2713 752 2792 frigore
762 2715 863 2774 nectit
873 2731 974 2792 squas.

271 2795 377 2855 Omnis
389 2815 474 2855 umor
484 2814 620 2873 maguus,
633 2795 691 2855 sed
703 2803 810 2876 aperto
822 2798 855 2855 in
866 2798 996 2873 coniuge
1007 2794 1120 2854 maior:

109 2890 116 2902 “
215 2885 250 2937 50
310 2878 398 2937 Hunc
409 2878 527 2955 Venus,
537 2884 573 2936 ut
582 2879 672 2957 vivut,
684 2877 815 2939 ventilet
824 2881 892 2959 ipsc
902 2880 1012 2943 facem.

267 2959 344 3020 Num
355 2961 431 3019 mibi
445 2961 528 3040 quoi
549 2961 663 3022 Poenis
674 2963 732 3023 tibi
743 2983 880 3044 purpura
890 2962 1009 3041 fulgeat
1020 2961 1113 3022 ostris

272 3076 275 3081 ’
310 3043 544 3125 crystallusque
555 3063 638 3107 mess
649 3053 743 3108 cruet
753 3065 867 3125 equcsc
877 3066 991 3107 manus.

269 3127 379 3189 Omnis
389 3127 483 3190 surde
492 3135 607 3209 ment,
617 3133 759 3211 rurisque
771 3129 898 3191 edsuets
908 3128 1049 3191 kalendis

308 3213 368 3274 Vix
379 3215 482 3294 sperit
494 3211 615 3274 elsuscs
626 3235 686 3275 nuc
695 3214 801 3296 puelle
810 3213 904 3292 lares,

212 3303 247 3358 ⁵⁵
269 3295 435 3358 Gluucidcs
447 3304 481 3358 et
491 3296 609 3358 cutulsc
620 3319 677 3359 vox
689 3306 738 3359 est
748 3299 824 3358 mihi
835 3305 922 3377 gratu
933 3295 1110 3377 querentis:
1197 3312 1206 3322 ·

306 3377 363 3440 Illa
372 3382 418 3440 tui
428 3387 550 3461 partem
561 3381 699 3442 vindicet
707 3403 768 3442 uun
777 3388 858 3444 toro.
990 3406 992 3417 ·

265 3462 362 3526 Flore
374 3464 487 3526 sacella
496 3471 581 3542 tego,
594 3468 741 3526 verbenis
753 3467 886 3544 compita
896 3464 977 3542 velo,

307 3548 350 3608 Et
361 3555 470 3628 crepat
480 3547 519 3608 cd
530 3552 654 3608 veteres
666 3550 765 3609 herba
778 3549 891 3609 sebius
902 3549 1001 3610 fucos.

267 3630 338 3690 Sive
349 3633 382 3690 in
393 3633 525 3691 finitimo
538 3633 656 3709 gemuit
665 3638 749 3691 stsns
760 3639 873 3692 uectus
882 3633 981 3710 tigno,

212 3721 247 3775 60
308 3713 370 3772 Seu
381 3713 479 3774 voluit
490 3715 573 3791 tangi
583 3734 676 3793 percu
687 3715 815 3775 lucerne
825 3733 923 3792 mero,
