2717 4325
184 431 225 493 50
506 377 651 487 TlllUlrLI
672 423 742 486 1218.
759 424 808 489 IV.
826 439 851 489 1.

184 597 339 675 Fortuna,
360 604 396 657 ut
414 615 481 656 mos
499 603 549 655 est
569 593 635 671 illi,
656 612 707 654 me
725 594 852 656 adversa
870 594 990 673 fatiget.

182 684 259 744 Nam
280 682 372 760 milri,
394 700 461 741 cum
482 681 600 757 maguis
621 679 733 758 opibus
753 678 861 740 domus
878 677 939 738 alta
958 680 1091 759 niteret,

184 768 243 828 (lui
262 766 388 826 fuerant
407 764 479 825 flavi
502 762 636 824 ditantes
656 762 767 824 ordine
789 762 868 825 sulci

182 853 307 911 Horrea
328 847 479 910 fecundas
500 847 539 907 ad
561 846 739 908 deficientia
759 867 893 924 messes,
1142 859 1194 914 185
1275 861 1276 878 ¹

184 935 304 1014 (inique
321 952 417 1015 pecus
439 931 536 993 denso
558 933 727 1012 pascebant
748 934 868 1012 agmine
889 929 987 991 colles

183 1020 242 1098 (nt
261 1017 385 1078 domino
407 1019 482 1077 satis
504 1022 538 1076 et
558 1017 685 1076 nimium
706 1017 831 1096 furique
851 1015 1022 1096 lupoque),

182 1103 271 1162 Nunc
294 1101 486 1163 desiderium
506 1108 665 1182 superest:
686 1121 757 1162 nam
779 1121 852 1163 cura
873 1106 1019 1177 novatur,

184 1188 261 1248 (ium
282 1205 400 1246 memor
422 1192 494 1246 ante
515 1192 600 1246 actos
622 1203 746 1266 semper
766 1184 857 1246 dolor
878 1183 1024 1245 admonet
1046 1204 1150 1244 annos.

184 1269 248 1330 Sed
267 1267 345 1331 licet
366 1272 525 1351 asperiora
546 1269 657 1330 cadant
675 1269 855 1350 spolierque
876 1267 1012 1347 relictis,
1142 1279 1194 1334 190
1275 1283 1276 1306 ¹

182 1355 251 1415 Non
272 1362 304 1415 te
327 1353 475 1415 deficient
494 1361 619 1415 nostrae
641 1373 814 1415 memorare
836 1355 997 1415 Camenae.

183 1438 250 1498 Nec
272 1437 373 1498 solum
391 1440 451 1499 tibi
471 1439 569 1498 Pierii
590 1440 768 1500 tribuentur
789 1440 942 1500 honores:

183 1523 245 1583 l’ro
265 1529 298 1582 te
319 1522 370 1583 vel
388 1521 513 1603 rapidas
534 1524 630 1583 ausim
651 1525 745 1582 maris
765 1525 814 1584 irc
832 1541 891 1604 per
912 1520 1026 1601 nudus,

183 1606 335 1667 Adversis
353 1608 485 1666 hiberna
504 1605 582 1667 licet
600 1613 739 1667 tumeant
759 1606 842 1668 freta
862 1607 980 1685 uentis,
1275 1667 1276 1670 ,

184 1690 246 1749 Pro
268 1696 302 1750 te
323 1689 374 1750 vel
396 1687 501 1750 densis
522 1689 606 1750 solua
628 1692 799 1751 subsistere
816 1692 926 1753 turmis
1143 1701 1193 1755 195
1275 1727 1276 1740 ι

183 1773 246 1835 Vel
264 1793 391 1854 parvum
412 1775 571 1834 Aetnaeae
593 1794 705 1854 corpus
723 1777 917 1836 committere
938 1775 1087 1836 flammae.

186 1857 259 1918 Sum
282 1856 507 1938 quodcunque,
528 1865 613 1919 tunm
635 1865 692 1919 est.
717 1863 816 1920 nostri
838 1862 865 1920 si
885 1857 1014 1942 parvula
1037 1877 1110 1918 cura

184 1942 234 2002 Sit
251 1943 327 2021 tibi,
351 1940 581 2021 quantalibet,
603 1945 630 2002 si
651 1944 692 2002 sit
713 1942 821 2022 modo,
843 1963 907 2004 non
927 1943 1004 2002 mihi
1026 1960 1122 2021 regnu

183 2025 299 2105 Lydia,
317 2045 381 2085 non
402 2027 503 2104 magni
519 2026 624 2107 potior
646 2029 688 2088 sit
708 2029 788 2088 fama
809 2026 955 2108 Gylippi,

184 2110 280 2171 Posse
302 2108 457 2172 Meleteas
477 2129 536 2171 nec
557 2109 682 2172 mallem
702 2113 827 2173 vincere
849 2112 980 2172 chartus.
1144 2119 1195 2173 200

186 2193 276 2270 Quod
296 2195 355 2254 tibi
375 2196 402 2255 si
422 2213 529 2265 versus
548 2203 672 2274 noster,
695 2203 817 2257 totusue
839 2197 992 2273 minusve,

185 2275 246 2339 Vel
268 2280 350 2338 bene
372 2279 415 2339 sit
435 2284 544 2357 notus,
567 2298 684 2340 summo
704 2280 755 2341 vel
774 2282 896 2341 inerret
915 2282 948 2340 in
970 2297 1042 2357 ore,

186 2358 276 2422 Nulla
297 2362 373 2421 milri
394 2367 532 2422 statuent
551 2363 646 2425 finem
666 2370 700 2424 te
721 2366 785 2426 fatu
807 2362 946 2425 canendi,

187 2444 267 2519 Quin
289 2446 383 2505 etiam
403 2464 472 2506 mea
490 2453 564 2507 tnnc
586 2447 720 2509 tumulus
743 2469 811 2509 curn
832 2450 948 2509 texerit
967 2467 1052 2527 ossa,

188 2528 250 2588 Seu
271 2536 391 2589 matura
413 2527 481 2589 dies
503 2530 640 2593 celerem
661 2538 811 2617 properat
832 2534 908 2594 milri
929 2538 1078 2611 mortem,
1144 2540 1195 2595 tot

186 2612 292 2691 Longa
312 2619 417 2672 manet
438 2633 494 2675 seu
513 2618 592 2694 vita,
612 2623 734 2697 tamen,
755 2624 871 2679 mutata
892 2617 990 2695 ligura

187 2694 249 2755 Seu
270 2715 320 2756 me
338 2696 436 2775 linget
457 2716 569 2776 equum
591 2699 709 2777 rigidos
730 2719 917 2781 percurrere
936 2718 1057 2781 campos

186 2779 316 2840 Doctum
339 2800 395 2841 seu
415 2779 499 2842 tardi
519 2784 643 2861 pecoris
664 2785 722 2853 sim
745 2782 844 2863 gloria
862 2790 968 2845 taurus

187 2863 259 2923 Sive
279 2883 336 2943 ego
357 2884 423 2945 per.
435 2863 588 2943 liquidum
609 2864 742 2927 volucris
764 2869 859 2928 vehar
880 2887 952 2929 aera
971 2869 1099 2949 pennis,

188 2947 440 3029 Quandocumque
461 2950 617 3014 hominem
637 2970 687 3011 me
708 2950 802 3031 longa
820 2954 979 3033 receperit
1001 2959 1099 3030 aetas,
1143 2962 1198 3015 alo

188 3030 322 3113 lnceptis
344 3032 384 3094 de
405 3038 438 3093 te
460 3036 617 3097 subtexam
637 3038 773 3097 carmina
794 3038 918 3101 chartis.

591 3341 795 3357 -ffl
