2717 4325
241 451 284 517 22
541 442 904 509 PROPERTII

257 678 260 685 .
369 620 436 697 Qus
444 623 518 699 poto
531 617 672 696 quisque,
684 614 717 673 in
728 631 765 672 eu
776 618 919 672 conterat
929 619 997 673 arte
1008 610 1103 677 diem.

326 705 407 765 Lous
417 703 450 763 in
461 719 565 761 umore
577 700 666 776 mori,
675 695 745 757 leus
756 695 865 775 ultera,
876 698 903 756 si
915 696 1005 757 dutus
1015 718 1076 759 uno

364 787 462 847 Posse
472 785 551 845 frui:
571 782 657 842 fruor
669 803 687 841 o
700 780 783 842 solus
795 799 900 840 umore
910 782 996 841 meo!

328 871 362 931 Si
373 869 508 947 memini,
520 868 602 929 solet
613 863 670 926 ills
679 863 766 925 levcs
781 863 907 945 culpare
917 864 1036 945 puellus

273 966 309 1018 50
369 955 518 1015 Ettotom
531 949 899 1028 cxllelenononprobut
909 948 1012 1010 lliods.

327 1039 390 1100 Seu
400 1038 476 1097 mihi
487 1038 550 1097 sint
560 1032 716 1114 tangenda
725 1050 877 1092 novercae
891 1033 1000 1113 poculo
1010 1035 1188 1119 Phaedra,

367 1119 484 1182 Pocula
493 1121 634 1201 privigno
646 1137 710 1178 non
721 1118 940 1195 nociturum,

328 1206 390 1267 Seu
400 1207 476 1266 mihi
489 1206 618 1266 Circaeo
629 1201 824 1283 pereundum
834 1207 884 1260 est
894 1203 1042 1279 gramine,
1055 1205 1119 1265 sive

368 1289 495 1351 Colchis
507 1286 682 1350 Colchiocis
693 1291 763 1345 urst
774 1284 950 1364 censionis,

273 1362 307 1439 65
327 1376 396 1437 Uno
407 1392 492 1435 meos
504 1373 648 1452 quonism
658 1368 807 1451 praedata
818 1375 867 1429 est
877 1369 993 1429 femine
1004 1388 1124 1451 sensus,

366 1459 413 1520 Ex
424 1460 481 1518 hec
493 1456 645 1517 ducentur
654 1456 766 1515 funere
776 1459 883 1513 nostro
894 1452 995 1516 domo.

327 1544 442 1604 Omnes
453 1544 601 1602 humanos
615 1544 703 1599 sanet
712 1536 866 1597 medicina
876 1535 1014 1614 dolores,

367 1626 457 1687 Solos
470 1644 554 1683 amor
566 1624 666 1684 morbi
677 1642 741 1681 ιιοιι
752 1627 832 1681 umet
842 1621 1000 1682 artificem.

328 1708 431 1770 Turdo
441 1706 637 1767 Philoctetae
649 1708 766 1765 sonavit
780 1725 870 1765 crura
883 1706 1046 1785 Machaon,

273 1801 309 1857 60
367 1792 535 1852 Phoenicis
548 1791 665 1851 Chiron
676 1788 793 1849 lumino
803 1789 1004 1869 Phillyrides,

327 1877 369 1938 Et
381 1875 456 1936 deos
469 1876 638 1937 extinctum
649 1875 772 1935 Cressis
782 1872 967 1952 Epidaurius
978 1876 1085 1935 herbis

368 1961 517 2021 Restituit
526 1960 636 2040 patriis
645 1958 854 2035 Androgeona
864 1958 953 2035 iocis,

327 2045 435 2125 Mysus
446 2051 479 2105 et
492 2045 662 2104 Haemonis
670 2044 790 2103 iuvenis
803 2062 862 2121 quo
873 2040 1001 2121 cuspide
1012 2040 1120 2103 vulnus

369 2130 528 2208 Senserat,
539 2130 596 2190 huo
606 2129 673 2207 ipso
684 2124 812 2207 cuspide
824 2126 921 2186 sensit
933 2144 1032 2206 opem.

273 2223 308 2278 65
329 2216 397 2275 Hoc
409 2217 436 2274 si
447 2215 515 2294 quis
527 2215 634 2273 vitium
643 2214 761 2292 poterit
771 2210 846 2270 mihi
858 2209 996 2289 demere,
1008 2209 1090 2272 solus

369 2298 539 2358 'l'uutuleoe
550 2297 668 2376 poterit
678 2294 805 2355 trudere
815 2313 1021 2373 pomomsnu:

327 2380 418 2443 Doliu
428 2382 576 2462 virgineis
587 2378 670 2439 idem
680 2377 734 2438 ille
745 2377 917 2458 repleverit
927 2381 1024 2457 urnis,

366 2467 413 2527 No
424 2473 534 2526 tenera
544 2463 666 2525 assiduo
677 2461 758 2522 collo
769 2468 934 2542 graventur
945 2482 1039 2543 aquus

325 2551 411 2612 Idem
423 2551 570 2613 caucasis
581 2546 682 2608 solvet
692 2546 731 2606 de
743 2564 821 2630 rupe
832 2546 1012 2606 Promethei

272 2642 307 2699 70
366 2637 497 2696 Brachia
509 2642 542 2694 et
551 2655 569 2694 o
579 2631 683 2692 medio
694 2637 824 2711 pectore
835 2627 934 2710 pellet
945 2649 1039 2690 ovem.
1090 2705 1095 2712 .

327 2718 587 2797 Quandocumque
597 2717 694 2793 igitur
705 2717 796 2775 vitum
807 2713 950 2774 mostata
960 2719 1130 2794 reposcent

365 2802 408 2862 lot
420 2802 558 2860 brevoin
570 2800 679 2876 exiguo
690 2817 844 2858 marmore
853 2816 966 2858 nomen
978 2817 1045 2875 ero,

325 2885 501 2961 Maecenas,
513 2891 638 2943 nostroe
649 2900 722 2962 spes
732 2881 884 2942 invidiose
893 2884 1046 2960 iuventae,

366 2968 408 3029 Et
418 2970 499 3028 uitae
511 2974 545 3028 et
553 2968 647 3027 morti
659 2965 760 3044 glorie
769 2967 850 3026 iustu
860 2985 957 3046 mese,

272 3060 306 3117 ⁷5
329 3052 362 3114 Si
372 3059 406 3112 te
417 3052 500 3113 forte
512 3070 581 3113 meo
594 3050 745 3112 duoetvio
754 3051 894 3131 proximu
906 3052 1008 3128 busto,

366 3135 485 3198 Esscdu
497 3135 623 3198 caelatis
636 3137 712 3196 siste
724 3134 874 3194 Britanno
883 3135 974 3214 iugis,

325 3220 476 3302 Tolioquc
487 3214 686 3285 inlacrimant
697 3224 799 3280 mutae
809 3219 877 3278 iace
887 3220 982 3280 verbo
993 3214 1126 3294 favillae,

366 3307 459 3368 ‘Huic
469 3310 583 3368 misero
594 3305 692 3365 fotum
703 3303 779 3364 durs
788 3301 894 3382 puello
903 3302 987 3364 fult?

282 3439 310 3532 2
322 3438 518 3537 Liberorum
530 3480 562 3532 et
575 3492 668 3532 vocuo
680 3473 852 3533 meditobar
863 3473 968 3533 vivere
980 3469 1079 3549 lecto,

363 3559 407 3619 At
417 3576 466 3618 me
478 3558 646 3636 composito
656 3575 733 3636 poce
744 3556 862 3617 fefellit
871 3558 977 3618 Amor.

325 3641 389 3701 Cur
399 3644 477 3701 hooc
487 3643 519 3701 in
530 3642 625 3700 terris
635 3639 734 3700 facies
744 3642 876 3701 homme
886 3636 1049 3702 moraturi

362 3724 512 3802 luppiter,
521 3725 631 3799 ignoro
642 3726 774 3804 pristina
783 3725 867 3784 furto
876 3732 937 3784 tou.
