2717 4325
388 542 392 545 ι
481 447 626 510 l'lBULLl
647 449 714 509 blB.
732 449 754 508 l.
774 459 798 512 7.
814 459 838 512 8.

160 619 298 697 Namque
320 617 428 698 opibus
450 625 596 694 congesta
615 620 676 678 tuis
698 617 749 677 hic
771 615 876 698 glarea
899 617 975 678 dura

204 702 378 778 Sternitur,
401 701 452 758 hic
475 705 546 780 apta
565 703 703 780 iungitur
726 708 793 762 arte
816 701 901 761 silex.

160 786 209 846 Tc
231 786 313 846 cauit
332 782 481 862 agricola,
504 803 522 844 c
544 804 651 865 magua
674 805 743 846 cum
764 787 887 846 venerit
908 785 986 846 urbe

204 870 299 929 Serus
320 869 505 928 inoffensum
526 867 750 948 rettuleritque
772 868 895 950 pedem.

160 954 203 1013 At
223 960 274 1031 tu,
294 949 411 1012 Natalia
432 950 544 1012 multos
564 952 753 1014 celebrande
773 971 831 1034 per
853 972 964 1032 anuos,

206 1034 376 1098 Candidior
397 1054 520 1116 semper
543 1037 766 1115 candidiorque
787 1037 866 1096 veui.

618 1251 713 1315 VIII.

63 1370 64 1377 ’
161 1338 237 1436 Non
259 1393 317 1453 ego
337 1373 433 1434 celari
454 1393 594 1454 possum,
618 1373 693 1453 quid
714 1381 806 1436 nutus
829 1377 955 1436 amantis

207 1456 327 1536 Quidve
349 1458 453 1518 ferant
475 1459 542 1518 miti
564 1456 648 1520 leuia
670 1461 764 1519 verba
786 1479 871 1520 sono.

160 1542 227 1603 Nec
248 1543 324 1602 mihi
342 1548 414 1602 suut
436 1549 539 1603 sortes
559 1563 618 1604 nec
640 1545 763 1604 conscia
783 1543 1019 1622 libradeorum,

204 1627 362 1702 Praecinit
384 1633 513 1687 eventus
533 1646 593 1687 nec
615 1628 691 1688 mibi
713 1634 819 1688 centus
840 1629 918 1692 uvis:

162 1723 230 1794 ipsa
250 1711 356 1776 Venus
373 1712 491 1792 magico
511 1712 675 1792 religatum
697 1713 823 1773 brachiu
845 1712 926 1772 nodo

202 1797 372 1858 Perdocuit
393 1796 499 1857 multis
519 1815 581 1857 non
604 1798 671 1856 sine
694 1797 886 1857 verberibus.

63 1874 65 1887 ¹
160 1882 276 1940 Desine
298 1878 509 1941 dissimulare:
530 1879 606 1942 deus
625 1878 784 1941 crudelius
805 1881 884 1960 urit,

204 1966 287 2042 Quos
309 1964 395 2024 ridet
415 1965 528 2024 inritos
550 1966 748 2025 succubuisse
771 1966 839 2026 sibi.

160 2047 421 2127 Quintiorum
442 2045 551 2108 molles
573 2047 703 2129 prodest
724 2047 856 2110 coluisse
879 2047 1008 2130 capillos

202 2130 365 2213 Saepeque
384 2138 515 2193 mutatas
537 2132 726 2214 disposuisse
745 2153 862 2212 comas,

160 2216 241 2295 Quid
261 2218 333 2278 fuco
356 2215 544 2297 splendente
566 2236 659 2296 genas
683 2236 809 2294 ornare,
834 2217 907 2297 quid
929 2236 1068 2297 ungues.

200 2303 339 2363 Artificis
362 2300 453 2362 docta
472 2302 667 2363 subsecuisse
687 2302 801 2361 mauu?

63 2411 65 2420 ¹
158 2384 289 2447 Frustra
309 2386 370 2446 iam
389 2391 508 2464 vestes,
530 2386 648 2445 frustra
665 2392 823 2447 mutantur
845 2386 989 2464 amictus,

202 2471 347 2547 Ansaque
369 2488 562 2549 compressos
584 2467 705 2548 colligit
727 2477 794 2530 arta
812 2468 919 2550 pedes.

158 2551 214 2614 llla
233 2551 354 2633 placet,
378 2554 512 2633 quamvis
532 2552 650 2615 inculto
672 2555 798 2615 uenerit
820 2572 875 2613 ore

200 2636 267 2697 Nec
288 2635 421 2698 nitidum
439 2636 527 2698 tarda
548 2640 717 2719 compserit
737 2644 804 2699 arte
828 2644 928 2719 caput.

157 2721 237 2782 Num
258 2727 292 2782 te
315 2722 515 2801 carminibus,
537 2742 610 2783 num
630 2730 662 2784 te
684 2720 872 2804 pallentibus
894 2723 1002 2784 herbis

200 2806 330 2867 Devovit
347 2807 442 2866 tacito
459 2812 601 2888 tempore
622 2810 723 2869 noctis
743 2807 840 2867 anrra‘l

160 2890 276 2949 Cantus
299 2890 407 2950 vicinis
426 2890 534 2970 fruges
548 2890 693 2968 ,traducit
714 2892 752 2951 ab
772 2892 873 2970 agris,

202 2974 317 3034 cantus
339 2980 372 3035 et
391 2976 490 3034 iratae
512 2974 634 3035 detinet
656 2977 762 3053 anguis
783 2977 862 3051 iter,
1133 2983 1180 3034 ιι).

159 3057 276 3119 (lentus
298 3064 331 3119 et
352 3076 371 3118 e
393 3078 486 3120 curru
508 3060 625 3119 Lunam
645 3057 802 3120 deducere
824 3064 972 3138 temptat,

67 3208 87 3223 ,Ι
200 3144 242 3203 Et
263 3142 400 3222 faceret,
422 3144 530 3204 sinon
552 3161 624 3203 aera
640 3142 766 3224 repulsa
787 3148 909 3203 sonent.

161 3223 244 3302 Quid
266 3245 381 3307 queror
402 3228 465 3287 heu
486 3229 600 3288 misero
622 3245 747 3287 carmen
761 3228 915 3306 nocuisse,
939 3224 1015 3307 quid
1029 3225 1168 3287 herbas?

200 3310 313 3371 Forma
331 3309 410 3372 nihil
431 3313 557 3391 magicis
577 3313 676 3371 utitur
700 3310 836 3371 auxiliis:

159 3393 224 3455 Sed
244 3414 356 3478 corpus
374 3397 517 3475 tetigisse
536 3402 646 3474 nocet,
669 3394 727 3456 aed
745 3393 838 3474 longa
860 3392 984 3455 dedisse
1134 3397 1170 3451 25

201 3478 331 3559 Oscula,
353 3478 411 3542 sed
431 3480 544 3542 femori
566 3482 761 3542 conseruisse
781 3479 891 3540 femur.

157 3564 224 3625 Nec
245 3570 280 3625 tu
302 3563 440 3627 difficilis
461 3557 561 3646 puero'
581 3560 624 3626 ta'
645 3583 685 3625 cu
707 3583 776 3635 esse
795 3566 951 3625 memento

202 3648 424 3729 (Persequitur
444 3652 554 3730 poenis
575 3655 607 3710 tr
620 3650 680 3709 stia
699 3648 781 3709 faeta
799 3644 940 3724 Venus),

159 3729 294 3792 Munera
313 3752 372 3794 nco
394 3753 520 3814 poscas:
540 3732 594 3794 det
614 3750 743 3794 munere
765 3748 857 3790 cauus
879 3733 1015 3867 amaqor,

202 3835 341 3876 memus.
817 3842 821 3848 '
