2717 4325
429 447 911 529 cineraceam.
1060 402 1147 520 ἰι

318 616 404 694 Visa,
414 634 517 694 neque
528 616 645 675 ostrina
656 634 725 675 cnm
734 616 962 696 fuitintnnicr,

276 699 344 760 lbat
355 705 388 759 et
397 700 471 758 hinc
482 705 582 759 castae
592 706 750 760 narratum
761 702 878 760 comnia
890 701 1017 780 Vestae,

316 782 384 842 Neu
395 784 454 843 sibi
465 801 543 843 neve
555 784 630 843 mihi
643 802 720 862 qnae
731 786 871 844 nocitura
881 785 1003 844 forent:

176 890 181 893 ·
276 864 365 927 Talis
375 868 439 926 visa
449 868 524 926 mihi
536 886 640 929 somno
656 865 781 927 dimissa
791 870 920 928 recenti.

215 956 257 1011 30
318 950 390 1011 Ileu
400 958 545 1029 quantum
555 968 614 1030 per
626 967 659 1009 se
672 950 802 1011 candida
811 951 911 1012 forma
921 951 1019 1013 velet!

274 1034 354 1110 ‘Quo
363 1041 400 1093 ‘tu
411 1036 599 1111 matutinua,'
612 1033 665 1111 ait,
677 1031 866 1111 ‘speculator
877 1036 1015 1095 amicae?
1027 1072 1031 1080 ·

312 1118 367 1179 Me
379 1118 511 1179 similem
520 1117 633 1178 vestris
644 1118 781 1176 moribus
794 1135 864 1176 erse
873 1119 986 1197 putas?

271 1199 342 1262 Non
352 1220 410 1279 ego
421 1209 484 1261 tam
494 1198 612 1260 facilis:
632 1205 682 1259 sat
692 1200 754 1259 erit
763 1201 840 1259 mihi
851 1204 992 1279 cognitus
1002 1222 1090 1282 unas,

314 1284 375 1346 Vel
386 1290 421 1344 ta
430 1283 481 1343 vel
492 1285 518 1343 si
531 1283 600 1362 quis
610 1284 714 1343 verior
726 1302 795 1344 erse
805 1290 921 1364 potest.

217 1376 255 1430 35
275 1368 439 1448 Apparent
449 1364 586 1427 nonulla
596 1372 665 1425 toro
677 1368 808 1446 vestigia
817 1386 939 1447 presan,

314 1451 408 1529 Signa
417 1448 595 1531 voluptatis,
606 1468 665 1509 nec
675 1451 808 1511 iacuisse
819 1450 906 1514 duos.
919 1464 932 1487 ⁸

271 1536 396 1615 Aspice,
407 1536 485 1597 utin
495 1542 563 1595 tote
573 1532 675 1593 nullus
685 1535 762 1594 mihi
773 1554 905 1615 corpore
917 1542 1022 1614 surgat

310 1618 446 1698 Spiritus
457 1617 589 1679 admisso
600 1624 692 1678 notus
703 1616 882 1680 adulterio!
1066 1614 1070 1620 ’

269 1702 365 1781 Dixit,
377 1708 410 1761 et
421 1704 563 1783 opposita
572 1699 756 1782 propellens
767 1704 850 1763 savia
861 1702 970 1763 dextra

162 1850 167 1863 ,
213 1793 250 1847 40
308 1784 440 1846 Proilit
451 1788 485 1845 in
493 1784 561 1846 laxa
572 1786 642 1845 nixa
652 1785 767 1865 pedem
777 1786 871 1849 solea.

271 1868 322 1927 Sic
334 1886 391 1946 ego
402 1874 465 1927 iam
476 1870 575 1928 sancti
586 1858 715 1928 custode
726 1868 874 1931 recludor
885 1872 1014 1932 amorius

309 1952 356 2013 Ex
367 1950 421 2011 illo
432 1948 508 2011 felix
520 1970 582 2010 nox
591 1952 666 2010 mihi
677 1952 762 2011 nulla
773 1953 841 2013 fuit.

196 2082 253 2179 28
271 2083 341 2190 stuc
358 2119 441 2202 fagis
455 2119 494 2178 ah
506 2117 656 2180 demensi
677 2117 765 2179 nulla
776 2120 922 2198 estfuga:
942 2118 1061 2182 tulicct
1084 2084 1142 2180 30

750 2222 848 2283 usque

308 2288 358 2349 Ad
370 2289 490 2348 Tanain
500 2287 611 2366 fugias,
622 2305 720 2366 nsque
733 2293 883 2367 sequetur
894 2288 999 2350 Amor.

267 2372 338 2432 Non
349 2374 375 2431 si
385 2372 524 2449 Pegaseo
536 2371 671 2431 vecteris
682 2372 716 2430 in
726 2390 800 2432 aere
814 2371 918 2449 dorso,

308 2455 373 2516 Nec
384 2456 443 2514 tibi
454 2455 481 2514 i
490 2454 601 2514 Persei
612 2455 745 2514 moverit
755 2453 805 2514 ala
814 2455 924 2535 pede,

230 2550 247 2601 5
266 2537 329 2601 Vel
340 2541 409 2599 rite
421 2539 659 2617 sectae-rapiant
669 2536 819 2599 t‘alaribus
831 2557 934 2616 aurae,

308 2623 360 2683 Nil
369 2623 428 2683 tibi
439 2622 592 2682 Mercurii
602 2620 746 2701 proderit
756 2620 819 2682 altr
829 2624 887 2684 via.

265 2707 363 2767 Instat
374 2724 498 2786 semper
508 2707 604 2765 Amor
616 2725 710 2785 supra
721 2713 822 2788 caput,
834 2708 1053 2768 instrumenti

306 2790 349 2850 Et
359 2791 458 2868 gravis
469 2791 537 2869 ipse
549 2807 643 2868 super
652 2788 753 2849 libera
765 2789 848 2850 colla
858 2788 957 2851 sedet.

264 2875 403 2935 Excubat
416 2873 473 2934 ille
485 2892 557 2934 acer
568 2880 673 2934 custos.
682 2880 715 2933 et
724 2871 841 2934 tollere
851 2893 1017 2953 numquam

215 2969 247 3020 10
307 2959 355 3019 Te
366 2960 503 3039 patietur
513 2960 606 3018 humo
617 2956 733 3018 lumina
745 2966 833 3038 capta
843 2957 950 3020 semel.

264 3044 306 3102 st
316 3045 377 3101 iam
388 3044 414 3100 si
424 3059 548 3120 pecces,
560 3039 636 3099 deus
647 3040 814 3101 exorabilis
825 3040 879 3100 ille
891 3047 950 3120 est,

306 3125 340 3183 Si
352 3122 443 3184 modo
453 3123 628 3202 praesentis
638 3119 753 3181 viderit
764 3141 834 3182 csse
844 3140 965 3202 preces.

265 3210 327 3270 Ista
339 3224 430 3268 senes
439 3206 517 3267 licei
527 3211 673 3264 accusent
683 3206 821 3264 convivia
832 3204 917 3264 duri:

306 3291 370 3352 Nos
380 3287 470 3350 modo
482 3289 685 3368 propositum,
696 3287 769 3364 vica,
780 3293 915 3347 teramus
924 3289 996 3348 iter.

132 3393 134 3398 '
216 3386 247 3441 15
267 3374 394 3437 illorum
405 3374 538 3452 antiquis
550 3377 721 3431 onerentur
729 3369 851 3450 legibus
863 3389 968 3430 aures:

305 3460 366 3520 Hic
375 3459 461 3519 locus
473 3463 532 3534 est,
544 3457 577 3514 in
589 3474 660 3534 quo,
669 3456 748 3515 tibia
759 3455 859 3532 docta,
871 3472 974 3530 sanes,

267 3545 351 3621 Quae
366 3562 428 3603 ιιοιι
441 3543 509 3602 iure
520 3538 597 3600 vado
610 3539 774 3600 Maeandri
784 3541 865 3600 iacta
873 3538 997 3615 natanti,

307 3627 425 3707 Turpia
435 3645 503 3686 cunr
514 3626 634 3684 faceret
643 3622 780 3687 Palladis
792 3643 846 3682 ora
856 3629 967 3682 tumor.

264 3712 424 3790 Numam,
437 3709 523 3789 dura,
534 3729 623 3790 paras
634 3709 786 3788 Phrygias
797 3726 878 3767 nunc
888 3707 935 3825 ire
947 3725 1006 3788 per
1016 3703 1114 3767 undar

464 4029 605 4102 A
