2717 4325
426 442 617 504 CATUhhl
638 439 772 503 cAhit
792 450 837 505 lt.
855 450 897 543 ¹.⁶‘

270 611 335 673 Vos
353 611 423 671 hine
444 612 565 671 interea
583 606 715 688 (valete)
738 608 820 669 abite

270 692 364 770 Illuc,
384 693 463 755 uncle
484 691 596 755 malum
615 692 728 773 pedem
749 690 914 771 attulistis,

273 775 371 838 Saceli
389 778 603 855 incammadc‚,
614 777 741 858 pearlrui
760 782 881 857 poetae.

558 916 765 930 -n--u

607 1000 723 1065 xlvb.

270 1084 308 1179 Si
330 1123 382 1199 qul
403 1122 485 1181 forte
506 1140 642 1181 mearum
659 1121 846 1200 ineptiarum

214 1212 247 1264 25
268 1202 418 1264 Lectores
440 1206 527 1264 eritis
549 1221 717 1281 manusque
737 1206 857 1262 vestras

272 1287 342 1346 Nou
362 1287 532 1348 horrebitis
553 1303 726 1346 ammovere
745 1286 851 1362 nohis,

359 1380 377 1419 a
541 1380 557 1418 r
723 1379 740 1416 r

625 1574 702 1640 XV.

274 1662 469 1756 commendo
490 1694 548 1755 tihi
568 1712 618 1754 me
639 1714 674 1755 ac
695 1713 781 1756 meos
803 1714 938 1774 amores,

272 1778 389 1839 Aureli.
419 1779 536 1838 veniam
555 1784 629 1859 peta
649 1777 834 1859 pudentem,

270 1862 330 1939 Ut,
353 1863 379 1921 si
400 1863 560 1941 quicquam
582 1863 683 1923 auimo
703 1868 758 1923 tuo
780 1863 909 1942 cupisti,

146 1985 149 1989 -
273 1942 362 2018 Quod
382 1952 496 2006 castum
515 1952 679 2025 expeteres
699 1955 733 2005 et
751 1944 949 2024 integellum,

237 2036 253 2089 5
275 2027 443 2093 Conservea
464 2047 592 2109 pueram
612 2029 688 2088 mihi
707 2026 838 2108 pudice,

270 2111 339 2172 Non
357 2110 425 2174 dico
447 2133 464 2172 a
483 2108 615 2194 populo:
636 2110 716 2172 nihil
733 2128 877 2172 veremur

268 2195 363 2274 istos,
384 2198 437 2276 qui
459 2198 492 2256 in
512 2195 616 2275 platea
636 2195 729 2256 morlo
749 2196 809 2256 huc
831 2193 923 2254 ruodo
942 2192 1020 2254 illuc
1064 2205 1072 2210 '

268 2279 303 2340 ln
324 2298 361 2340 re
382 2285 585 2360 praetereunt
605 2299 660 2339 sna
679 2279 838 2360 occupati:

268 2362 387 2424 Verum
408 2383 425 2422 e
445 2368 478 2421 te
498 2369 601 2422 metuo
621 2368 737 2440 tuaque
756 2379 839 2442 pene

211 2454 247 2506 10
266 2443 383 2504 luieatc
403 2445 508 2522 pueris
529 2445 619 2504 honis
637 2443 796 2521 malisque.

272 2526 370 2601 Quem
390 2530 424 2584 tu
443 2545 501 2603 qua
521 2524 626 2602 lubet,
646 2532 682 2586 nt
698 2525 801 2603 lubet,
821 2530 943 2584 moreto

274 2608 427 2684 Quantum
447 2610 509 2686 vis,
529 2609 583 2670 ubi
604 2609 665 2668 erit
681 2609 775 2688 foris,
796 2614 951 2690 paratum:

270 2691 363 2754 Hunc
383 2711 475 2753 unum
496 2692 633 2772 excipio,
657 2698 691 2753 ut
709 2699 800 2772 puta,
820 2690 985 2774 pudenter.

271 2774 360 2851 Quod
381 2777 408 2836 si
429 2784 462 2837 te
483 2775 562 2837 mala
581 2795 668 2837 mens
689 2777 838 2857 furorque
859 2793 985 2838 vecors·

213 2868 248 2920 15
270 2859 304 2919 ln
325 2865 440 2920 tentam
461 2860 637 2942 impulerit,
655 2859 804 2939 sceleste,
826 2858 966 2940 culpam,

271 2942 314 3002 Ut
335 2949 472 3004 nostrum
489 2943 609 3005 insidiis
630 2951 721 3025 caput
740 2944 892 3023 lacessas,

269 3025 319 3085 Ah
340 3033 404 3087 tum
423 3034 456 3087 te
478 3030 621 3088 mineram
643 3026 777 3106 malique
797 3027 873 3104 fati,

272 3109 369 3184 Quem
391 3112 530 3172 attractis
550 3109 681 3190 pedihus
702 3116 829 3189 patente
850 3116 942 3189 porta

269 3190 458 3255 Percurrent
477 3195 666 3274 raphanique
685 3192 887 3272 mugilesque.
1002 3222 1009 3231 ·

618 3401 712 3466 xvi.

274 3482 449 3579 Paelicabo
472 3538 529 3598 ego
551 3540 605 3581 vos
625 3527 658 3581 et
677 3520 851 3597 irrumahc,

273 3600 381 3662 Aureli
400 3604 523 3683 pathice
544 3610 577 3663 et
599 3602 727 3664 cinaede
748 3604 841 3678 Furi,

275 3686 334 3762 Qui
355 3703 404 3748 me
423 3705 461 3748 ex
482 3686 641 3748 versiculis
662 3687 739 3746 meis
760 3685 906 3765 putastis,

1119 442 1157 505 ll
