2717 4325
238 464 279 528 uo
533 426 896 519 rno'rnnnu

323 630 371 689 Sit
382 646 449 689 sors
461 632 494 686 et
503 624 593 685 nobis
603 622 738 684 talorum
749 624 925 703 interprete
935 626 1029 704 iactu,

362 713 461 789 Quem
473 710 614 788 gravibus
624 709 737 788 pennis
747 709 895 767 verberet
905 706 961 768 ille
971 728 1059 789 puer.

324 797 401 858 Gum
412 794 510 854 inerit
519 789 625 851 multis
637 797 743 851 exacta
755 792 921 851 trientibus
932 792 1020 870 bore,

269 890 305 943 30
347 879 470 955 ,Noctis
482 882 515 936 et
524 877 667 935 instituet
677 894 764 934 sacra
774 875 915 934 ministra
925 876 1042 954 Venus,

323 966 433 1023 Annua
443 958 594 1021 solvamus
605 957 739 1019 thalamo
752 957 914 1017 sollemnia
923 965 1042 1039 nostro,

363 1044 392 1105 N
393 1042 543 1123 stulisque
554 1044 600 1103 tui
611 1044 656 1102 sio
666 1060 849 1122 peragamus
858 1043 930 1104 iter.

255 1174 310 1270 10
326 1176 546 1288 (intumuere,
557 1228 656 1269 meam
667 1212 693 1268 si
704 1214 808 1269 versat
818 1210 933 1268 femina
945 1209 1037 1268 vitam
1140 1179 1205 1271 ¹¹

365 1298 407 1357 Et
418 1297 515 1355 trabit
527 1292 683 1353 addictum
695 1296 749 1354 sub
762 1312 815 1352 sun
825 1293 1011 1369 duracinum,

326 1380 522 1457 Criminaque
537 1379 638 1456 ignavi
650 1378 760 1457 cepitis
770 1378 846 1436 mibi
858 1378 961 1455 turpia
970 1376 1071 1454 fingis,

366 1462 456 1538 Quod
466 1480 617 1541 nequeam
628 1462 728 1521 fracto
740 1479 886 1541 rumpere
896 1459 995 1519 vincla
1003 1460 1099 1539 iugo?

286 1554 303 1603 5
324 1546 495 1607 Venturam
505 1543 616 1605 meliu
627 1546 783 1624 praesagit
793 1546 894 1604 uerita
903 1548 1044 1622 mortem,

268 1705 270 1709 Ι
366 1630 554 1690 Vulneribus
566 1627 676 1687 didicit
686 1627 776 1687 miles
786 1629 903 1688 habere
914 1634 1037 1688 metum.

325 1712 387 1772 lstn
398 1731 455 1789 ego
468 1713 640 1792 praeterita
650 1713 760 1771 iactavi
770 1713 864 1772 verba
874 1714 1013 1771 iuventa:

368 1794 418 1854 Tu
428 1814 508 1855 nunc
520 1793 659 1875 exemplo
672 1794 758 1856 disce
768 1797 882 1855 timere
892 1812 971 1855 meo.

327 1876 453 1939 Colchis
463 1874 621 1957 flagrantis
633 1878 825 1939 adamantina
837 1881 892 1939 snb
903 1881 974 1957 iuga
983 1883 1087 1937 touros

273 1970 308 2023 10
367 1961 440 2040 Egit
451 1968 484 2022 et
494 1964 646 2041 armigera
656 1963 776 2044 proelia
786 1965 867 2022 sevit
876 1964 979 2041 humo,

328 2044 534 2125 Custodisque
545 2048 631 2106 ieros
644 2045 753 2107 clausit
766 2048 922 2127 serpentis
932 2048 1043 2123 hiatus,

365 2130 430 2190 Iret
440 2137 474 2190 ut
484 2132 634 2192 Aesonias
648 2128 822 2191 aureolam
833 2130 949 2193 domos.

325 2215 409 2274 Ausa
419 2215 509 2274 ferox
521 2217 557 2273 ab
570 2233 650 2293 equo
663 2214 816 2293 quondam
826 2232 1004 2296 oppugnare
1015 2215 1134 2292 sagittis

366 2298 500 2358 Maeotis
511 2299 647 2356 Danaum
657 2297 858 2358 Penthesilea
869 2305 970 2373 rates3

274 2388 306 2440 15
327 2381 431 2441 Aurea
442 2381 491 2439 cui
501 2387 663 2460 postquam
674 2381 800 2441 nudavit
811 2382 930 2442 cassida
940 2383 1085 2459 frontem,

366 2463 452 2525 Vicit
461 2465 610 2524 victorem
622 2464 752 2524 candida
762 2466 861 2525 forma
872 2467 979 2526 virum.

327 2546 479 2626 Omphale
489 2549 523 2606 in
533 2553 651 2608 tantum
661 2550 780 2608 formae
790 2550 946 2629 processit
955 2550 1115 2625 bonorem,

365 2630 465 2711 Lydia
476 2631 601 2710 Gygaeo
613 2634 711 2692 tincta
721 2632 826 2712 puelle
834 2633 915 2712 lacn,
1000 2668 1005 2676 .

324 2714 377 2793 Ut,
391 2718 443 2793 qui
455 2721 564 2794 pacato
576 2718 735 2776 statuisset
744 2719 777 2775 in
789 2718 865 2776 orbe
877 2714 1044 2793 columnas,
1116 2772 1119 2778 ,

271 2805 305 2856 20
368 2799 446 2857 Tam
458 2798 535 2856 dure
545 2799 688 2859 traheret
698 2798 806 2860 mollia
816 2801 914 2881 pe'nsn
924 2819 1023 2859 manu.

325 2881 491 2939 Persarum
502 2882 609 2940 statuit
619 2880 779 2961 babylona
790 2885 967 2943 Semiramis
977 2885 1096 2961 urbem,

366 2964 410 3023 Ut
421 2961 554 3023 solidum
567 2971 654 3024 cocto
665 2964 796 3026 tolleret
807 2985 920 3046 aggere
932 2985 1018 3048 opus,

323 3046 366 3106 iit
377 3045 436 3106 duo
447 3049 481 3106 in
492 3045 654 3108 adversum
665 3052 751 3110 missi
760 3069 820 3131 per
830 3054 952 3111 moenia
964 3069 1072 3110 currus

336 3135 342 3148 '
364 3131 412 3190 Ne
422 3137 551 3212 possent
561 3138 644 3192 tacto
656 3136 812 3212 stringere
823 3137 859 3195 ab
872 3154 927 3196 axe
937 3133 1029 3212 latus,

270 3220 304 3273 25
325 3213 419 3274 Duxit
429 3221 462 3275 et
471 3215 663 3296 Euphratem
673 3217 818 3296 medium,
830 3237 890 3298 qua
901 3217 1040 3278 condidit
1051 3233 1148 3293 arces,

363 3299 456 3358 lussit
467 3305 499 3358 et
511 3302 643 3380 imperio
656 3300 791 3361 subdere
802 3303 915 3361 Bactra
927 3307 1026 3382 caput.

323 3379 400 3440 Num
412 3382 487 3460 quid
498 3402 555 3463 ego
568 3385 691 3462 heroas,
705 3384 944 3465 quidraptcmin
953 3382 1201 3444 criminadivos‘d

363 3465 502 3545 luppiter
513 3467 641 3527 infamat
652 3485 749 3546 seque
760 3488 907 3550 suamquc
918 3469 1050 3529 domum.

323 3543 415 3626 Quid,
426 3547 517 3608 modo
531 3568 608 3632 quae
620 3553 736 3611 nostris
747 3555 915 3633 opprobria
926 3558 1051 3614 venerat
1062 3551 1155 3612 armis

270 3637 305 3690 30
365 3631 408 3692 Et
417 3630 549 3692 famulos
559 3634 643 3693 inter·
652 3630 771 3694 ⁴femina
780 3638 856 3697 trita
866 3657 939 3697 suos
979 3635 982 3640 ’

323 3714 469 3790 Coniugis
482 3717 608 3776 obsceni
617 3719 753 3797 pretium
763 3720 900 3780 Romana
908 3722 1063 3802 poposcit,
