2717 4325
475 446 854 527 urcundum
1089 451 1151 515 107

317 618 381 679 ma
390 634 448 695 per
459 617 537 693 hss‚’
548 616 659 693 inquit,
671 616 810 675 ‘maxime
820 616 903 675 lucto
912 636 1028 694 munus,

276 701 363 761 llaec
374 696 470 759 nullis
482 717 624 776 umquam
634 705 741 778 potest
751 698 928 759 venerando
937 699 1065 780 puellis,

218 790 259 847 70
320 780 467 842 Herculis
479 782 583 841 eximii
595 799 636 840 ne
648 783 690 840 sit
701 780 801 842 inulto
811 784 902 843 sitis?

278 865 392 926 Sancte
403 871 493 945 peter
505 862 598 941 solve,
611 865 660 923 cui
670 866 731 924 ium
741 864 826 925 fovet
836 882 945 945 aspero
955 867 1045 927 luno:

318 949 441 1023 Sancte,
452 946 530 1006 velis
539 946 621 1007 libro
633 946 744 1007 dexter
753 948 857 1007 inesse
868 967 947 1009 meo.

274 1032 376 1109 llnnc,
394 1032 537 1109 qnoniam
554 1031 692 1089 manibus
702 1037 865 1109 purgatum
877 1038 1019 1091 sennerst
1029 1035 1147 1111 orbem,

316 1114 368 1174 Sic
380 1112 525 1173 Sanctum
537 1112 646 1172 Tatiae
658 1132 859 1193 composuere
871 1116 981 1176 Cures.

199 1244 260 1339 10
275 1243 367 1340 Nunc
377 1279 457 1337 lovis
467 1278 611 1358 incipiam
623 1298 728 1339 causus
739 1282 862 1359 aperire
873 1281 999 1339 Feretri

314 1364 472 1440 Armaque
484 1360 524 1421 dc
535 1360 663 1421 ducibus
674 1364 757 1421 trinu
767 1369 896 1443 recepto
904 1365 1014 1425 tribus.

273 1446 420 1524 Magnum
429 1446 492 1504 iter
505 1444 648 1522 escendo,
661 1445 718 1504 sed
728 1443 782 1505 dot
791 1448 866 1506 mihi
878 1444 976 1524 glorio
984 1447 1084 1507 virens

313 1529 382 1588 Non
393 1526 602 1588 iuvetelucili
611 1526 696 1588 lectu
705 1548 820 1588 corono
829 1531 911 1607 ingo.

236 1620 253 1672 5
275 1613 379 1672 lnbuis
391 1610 564 1691 exemplum
573 1613 691 1691 primae
701 1616 747 1689 tn,
757 1612 899 1690 Romule,
909 1611 1028 1693 pnlmse

313 1696 412 1756 Huius
427 1701 460 1754 et
471 1696 578 1754 exuvio
590 1692 702 1774 plenus
714 1696 751 1756 ub
762 1697 854 1755 hoste
864 1696 961 1772 redis,

202 1824 221 1851 ,
272 1777 429 1857 Tempore
442 1796 501 1856 qno
514 1784 621 1858 portes
633 1779 804 1838 Caeninum
814 1781 952 1839 Acronto
963 1783 1121 1859 petentem

167 1860 174 1871 ’
312 1862 422 1923 Victor
431 1862 465 1919 in
476 1878 617 1919 eversum
628 1860 756 1939 cuspide
770 1862 875 1922 fundis
887 1882 1008 1942 equum.

270 1944 375 2004 Acron
386 1943 560 2003 Herculeus
572 1944 708 2003 Caenina
720 1943 831 2004 ductor
842 1947 880 2004 ob
892 1963 975 2022 arce,

218 2036 253 2087 10
312 2028 419 2104 Roma,
432 2029 493 2086 tuis
506 2026 659 2105 quondum
670 2028 784 2087 linibus
794 2027 909 2086 horror
921 2034 997 2087 erut.

270 2111 331 2171 llic
342 2109 441 2191 spolio
452 2129 489 2170 ex
501 2112 637 2171 humeris
649 2129 739 2170 ansus
752 2128 879 2190 sperare
891 2111 1013 2187 Quirini

310 2195 379 2275 lpse
392 2193 490 2271 dedit,
502 2193 631 2254 sednon
643 2195 790 2272 sunguine
802 2195 887 2278 sicco
894 2214 959 2255 suo.

270 2277 360 2337 Hunc
371 2275 457 2336 videt
467 2283 539 2337 onte
551 2297 637 2337 covas
648 2276 816 2338 librantem
826 2276 945 2358 spiculo
954 2284 1059 2337 turres

308 2358 456 2420 Romulus
467 2366 500 2420 et
510 2362 590 2420 votis
602 2368 732 2442 occupat
742 2369 814 2423 unte
824 2363 918 2422 rutis:

215 2450 250 2504 15
271 2445 432 2524 ‘luppiten
446 2446 524 2504 hoec
537 2442 631 2504 hodie
642 2445 701 2504 tibi
711 2446 835 2504 victime
846 2451 972 2505 corruet
982 2445 1110 2506 Acron?

309 2527 456 2606 Voverot,
469 2533 503 2586 et
513 2527 645 2606 spolium
657 2527 775 2588 corruit
784 2527 841 2588 ille
851 2529 924 2590 lovi.

268 2611 363 2670 Urbis
374 2612 561 2689 virtutisque
571 2630 685 2691 parens
696 2613 741 2671 sic
751 2613 878 2672 vincere
889 2612 999 2688 suevit,

309 2693 369 2767 Qui
383 2693 457 2753 tulit
468 2695 573 2774 aprico
585 2695 700 2774 frigide
711 2701 811 2754 castro
821 2694 911 2754 Lure.

265 2773 350 2835 Idem
362 2794 459 2854 eques
471 2784 504 2837 et
514 2778 624 2856 irenis,
635 2778 719 2838 idem
729 2778 789 2838 fnit
800 2784 889 2859 aptus
901 2779 1022 2856 nutris,

213 2867 248 2919 20
307 2861 349 2919 nt
359 2858 448 2939 gaico
458 2861 586 2921 hirsuti
599 2868 721 2943 compto
730 2860 837 2943 lupino
847 2863 939 2939 iubis,

264 2941 352 3002 Picto
364 2961 467 3022 neque
478 2942 604 3004 inducto
619 2945 759 3023 fulgebat
768 2963 875 3025 parma
885 2964 1022 3025 pyropo:

303 3023 502 3085 Praebebunt
513 3028 595 3087 coesi
606 3027 709 3088 baltea
719 3026 807 3087 lento
817 3030 920 3088 boves.

264 3108 378 3168 (iussus
390 3109 608 3186 st'insequitnr
620 3112 764 3172 Veientis
775 3109 871 3170 coede
885 3108 1040 3187 Tolumni,
1053 3159 1058 3167 .

303 3191 441 3253 Vincere
454 3210 522 3251 cum
533 3193 629 3255 Veios
639 3212 732 3273 posse
743 3193 859 3254 loboris
870 3198 949 3269 eret,

156 3315 158 3320 -
212 3280 245 3333 25
265 3273 330 3334 Nec
341 3273 413 3334 dnm
424 3273 508 3336 ultra
521 3276 662 3337 Tiberim
673 3275 752 3338 belli
762 3295 866 3354 sonus,
876 3275 985 3336 ultima
994 3274 1110 3356 praede

302 3357 488 3420 Nomentum
499 3367 532 3420 et
543 3367 650 3441 cuptce
661 3362 770 3440 iugero
780 3366 871 3420 terno
881 3360 990 3421 Corne.

261 3439 288 3499 0
299 3441 371 3504 Veii
382 3450 517 3520 veteres,
529 3449 562 3503 et
571 3463 625 3502 vos
638 3451 704 3504 tum
715 3463 812 3524 regnu
820 3444 935 3521 inistis,

300 3523 342 3583 llt
352 3533 457 3585 vestro
467 3528 569 3605 posita
581 3533 630 3586 est
641 3546 735 3587 aures
746 3525 825 3588 sellu
837 3528 923 3587 foro:

259 3604 347 3667 Nunc
359 3609 441 3668 intro
450 3628 554 3669 muros
565 3613 701 3690 pastoris
711 3613 840 3671 buccine
850 3610 929 3671 lenti

206 3695 241 3748 ³0
302 3690 423 3770 Osntat,
437 3694 513 3753 etin
523 3695 635 3754 vestris
647 3694 768 3755 ossibus
779 3712 850 3755 srva
860 3697 989 3755 metunt.
