2717 4325
1273 518 1274 550 o

491 604 844 671 immundior.
1123 608 1158 670 lo
1274 633 1275 638 ¹

199 778 241 838 Et
262 783 314 837 toa
332 775 392 836 iarn
412 774 488 834 detn
509 774 624 837 lumina
645 775 729 837 fessa
749 781 879 836 tument.

159 860 315 936 Oderunt,
337 857 471 936 Pholoe,
493 879 621 937 moneo,
642 859 767 921 fastidia
790 859 868 936 divi,

199 945 264 1006 Nee
284 943 414 1024 prodeat
436 945 549 1004 sanetis
571 951 640 1005 tura
662 944 787 1005 dedisse
808 945 897 1004 iocis.
1125 953 1161 1010 to

158 1029 216 1091 Hic
239 1029 399 1090 Marathus
421 1027 573 1108 quondam
595 1030 725 1090 miseros
745 1027 873 1089 ludebat
897 1035 1046 1104 amantes,

199 1113 326 1174 Nescius
349 1110 481 1173 ultorem
500 1119 572 1192 post
590 1119 682 1194 eaput
703 1131 773 1173 ease
796 1112 901 1172 deurn:

160 1197 257 1278 Saepe
280 1199 372 1258 etiarn
391 1194 528 1257 lacrimis
549 1197 652 1258 fertur
665 1198 781 1257 risisse
805 1195 939 1258 dolentis

198 1283 240 1342 nt
261 1281 405 1363 cupidum
425 1280 498 1341 iieta
517 1279 687 1342 detinuisse
710 1300 810 1340 mora:

159 1364 245 1427 Nunc
266 1367 364 1427 omnis
387 1363 453 1424 odit
474 1365 588 1444 fastus,
609 1385 689 1426 nuno
712 1364 859 1447 displicet
880 1363 929 1424 illi
1125 1373 1159 1428 75

200 1450 407 1528 Quaecunque
429 1450 569 1528 opposita
592 1456 641 1510 est
662 1451 753 1510 ianua
775 1448 851 1510 dura
873 1469 950 1513 sera.

158 1532 199 1593 nt
218 1539 250 1594 te
271 1551 372 1614 poena
391 1539 510 1610 manet,
532 1534 563 1592 ni
586 1532 703 1595 desinis
725 1552 795 1595 esse
817 1536 957 1615 superba.

199 1617 295 1695 Quam
313 1617 419 1696 capies
441 1618 521 1678 votis
542 1618 623 1678 hunc
645 1637 793 1680 revocare
815 1618 910 1680 diem!

628 1837 691 1900 IX.

157 1917 242 2022 Quid
263 1952 355 2030 mihi,
377 1953 404 2011 si
424 1951 528 2010 fueras
549 1953 680 2013 miseros
697 1952 838 2014 laesurus
861 1969 998 2032 amores,

196 2033 341 2096 Foedera
358 2053 416 2115 per
436 2033 539 2112 divos,
563 2035 641 2097 clam
662 2036 819 2114 violanda,
841 2035 958 2095 dabas?

155 2123 204 2183 An
226 2120 334 2198 miser,
357 2119 417 2179 etsi
437 2119 507 2199 quis
525 2120 625 2201 primo
648 2121 785 2200 periuria
807 2116 904 2198 celat,

107 2255 110 2262 .
197 2204 291 2284 Sera,
310 2210 412 2266 tamen
433 2204 535 2264 tacitis
554 2203 659 2264 Poena
681 2206 764 2266 venit
784 2202 925 2285 pedibus.

154 2290 296 2366 Parcite,
317 2284 488 2348 caelestes:
510 2306 642 2368 nequam
663 2294 712 2349 est
733 2291 858 2369 impune
879 2286 979 2348 licere
1142 2296 1159 2346 5

197 2373 327 2435 Numina
348 2371 493 2433 formosis
511 2369 641 2433 laedere
663 2379 766 2433 vestra
787 2371 893 2434 semel.

154 2460 254 2520 Lucra
272 2462 384 2538 petens
405 2454 501 2517 habili
523 2463 629 2518 tauros
652 2456 791 2538 addungit
811 2460 912 2516 aratro

195 2544 238 2603 Et
257 2541 367 2603 durum
387 2549 490 2601 terrae
512 2542 646 2603 rusticus
667 2548 759 2620 urget
780 2559 872 2622 opus,

153 2628 254 2688 Lucra
275 2627 427 2708 petituras
447 2624 530 2685 freta
550 2644 609 2706 per
630 2626 771 2706 parentia
793 2625 892 2684 ventis

196 2712 320 2771 Ducunt
340 2708 502 2771 instabiles
523 2707 626 2770 sidera
646 2715 733 2771 certa
754 2716 853 2770 rates:
1127 2715 1160 2767 10

152 2795 337 2857 Muneribus
359 2810 445 2855 mens
467 2799 516 2855 est
539 2799 645 2874 eaptus
666 2812 754 2875 puer.
775 2799 806 2854 at
828 2791 902 2854 deus
923 2788 979 2851 illa

197 2880 230 2939 ln
251 2880 388 2939 cinerem
410 2884 443 2938 et
464 2876 599 2958 liquidas
618 2897 746 2940 munera
767 2884 868 2939 vertat
890 2894 990 2955 aquas.

153 2963 215 3023 iam
236 2963 309 3022 mihi
330 2960 489 3043 persolvet
509 2981 641 3043 poenas,
663 2962 826 3044 pulvisque
847 2959 990 3021 decorem

195 3046 347 3108 Detrahet
368 3051 402 3108 et
421 3048 522 3107 ventis
540 3045 668 3107 horride
687 3048 770 3108 faeta
793 3063 894 3120 corna,

150 3131 271 3193 Uretur
291 3130 404 3209 iacies,
425 3137 555 3192 urentur
577 3129 643 3192 soie
664 3129 787 3213 capilli,
1127 3133 1184 3207 15,

194 3216 329 3276 Deteret
350 3212 502 3275 invalidos
525 3221 557 3274 et
577 3216 625 3275 via
644 3213 737 3295 longa
758 3213 864 3295 pedes.

148 3298 306 3361 Admonui
330 3301 472 3378 quotiens
495 3304 586 3358 ‘auro
604 3318 644 3359 ne
665 3297 772 3380 pollue
794 3299 938 3360 formam:

194 3384 297 3464 Saepe
317 3382 420 3445 solent
442 3402 516 3445 auro
540 3381 635 3444 molta
657 3386 784 3445 subesse
805 3381 892 3443 mala.

148 3468 277 3531 Divitiis
297 3474 404 3550 eaptus
421 3468 517 3548 siquis
538 3466 665 3530 violarit
688 3487 840 3547 amorem,

192 3555 378 3634 Asperaque
399 3559 448 3613 est
468 3549 518 3612 illi
540 3550 739 3633 difficilisque
759 3554 875 3617 Venus.
1123 3550 1159 3607 it)

147 3638 217 3700 Ure
239 3656 341 3699 meum
361 3638 463 3718 potins
482 3637 603 3697 flamma
625 3644 716 3718 caput
739 3644 772 3699 et
790 3643 863 3718 pete
884 3634 969 3694 ferro

193 3723 317 3802 Corpus
340 3728 373 3782 et
392 3723 510 3783 intorto
533 3722 665 3782 verbere
687 3729 775 3801 terga
796 3738 875 3783 seca.

147 3805 218 3869 Nee
239 3806 297 3867 tibi
320 3803 441 3867 celandi
463 3824 536 3888 spes
558 3807 599 3865 sit
616 3824 750 3886 peecare
770 3802 908 3887 paranti:

192 3890 255 3953 nat
277 3889 370 3970 deus,
390 3888 531 3951 occultos
553 3890 605 3969 qui
624 3896 709 3951 vetat
731 3906 799 3955 esse
821 3883 905 3949 dolor
