2717 4325
221 434 284 499 100
458 387 882 489 ἰιιοιιιιιιιι

346 598 478 674 Bocche,
491 594 575 656 eolee
587 594 714 655 Phoebo
725 593 843 655 fertilis
852 613 922 655 erre
933 601 997 656 tuo.

305 681 364 743 llle
374 678 541 761 paludosos
552 683 705 739 memoret
714 679 834 739 rervire
845 678 1031 757 Sicambros,

348 766 505 846 cepheum
515 764 567 823 hic
577 762 712 825 Meroen
723 761 870 841 fuereque
881 780 978 839 regne
988 770 1087 841 cenet,

305 850 365 908 llic
376 848 496 907 referet
507 865 579 907 sero
591 845 765 905 conieroum
776 845 907 905 foedere
917 845 1081 907 Parthum:

251 942 287 995 80
347 929 481 990 ‘Reddet
493 932 580 1008 signe
590 929 689 1006 Remi,
701 947 771 988 mox
782 928 867 991 debit
876 930 944 1008 ipse
955 948 1025 989 sue:

304 1014 375 1075 Sive
387 1012 505 1093 aliquid
513 1014 670 1093 pharetris
682 1013 837 1090 Augurtur
847 1020 956 1092 parcet
966 1014 1051 1091 Eois,

345 1098 478 1157 Differat
491 1098 523 1155 in
533 1114 647 1176 pueros
659 1097 720 1155 iste
730 1101 857 1176 tropeee
868 1114 947 1157 euos.

304 1180 423 1259 (leude,
435 1180 558 1258 creone,
568 1180 671 1257 nigros
684 1180 711 1238 oi
723 1178 797 1256 quid
807 1179 888 1258 cepio
897 1180 981 1239 inter
991 1180 1138 1242 herenas:

344 1265 394 1325 lre
406 1283 464 1345 per
474 1263 655 1342 Euphraten
667 1261 706 1321 ed
716 1268 769 1321 tue
780 1264 870 1322 burte
878 1260 978 1325 licet?

250 1357 284 1412 85
306 1348 358 1409 Sic
368 1353 492 1409 noctem
501 1353 620 1426 petere,
631 1347 676 1405 ric
688 1345 795 1405 ducem
806 1348 953 1424 camnine,
965 1346 1063 1408 donec

345 1432 454 1492 Iniciet
465 1429 567 1491 rudior
578 1431 612 1489 in
622 1448 691 1489 mee
700 1431 770 1489 vine
781 1428 858 1491 dieo.

260 1562 285 1653 7
303 1564 387 1657 Sum
398 1596 516 1677 aliquid
526 1599 652 1659 Moneo:
673 1597 770 1657 letum
780 1615 843 1655 non
854 1594 1043 1673 omnlefinit,

342 1680 520 1759 Lurideque
531 1682 647 1740 evicto·
660 1681 772 1757 effugit
781 1681 887 1739 umbre
898 1698 998 1758 rogos.

304 1764 438 1841 Cynthio
447 1781 579 1841 nemque
590 1782 658 1823 meo
670 1765 734 1823 viee
745 1769 794 1822 eet
803 1763 983 1823 incumbere
993 1760 1104 1842 fulcro,

344 1846 486 1905 Murmur
496 1845 536 1905 ed
547 1852 703 1907 extremae
713 1866 813 1926 nuper
824 1848 948 1907 humeto
957 1847 1034 1924 viee,

265 1938 281 1989 5
304 1930 381 1988 (inm
392 1929 467 1988 mihi
479 1948 602 1990 romnus
614 1931 650 1990 eb
662 1933 801 2009 exequiis
811 1931 966 2010 'penderet
979 1931 1101 2008 omorio,

341 2012 384 2072 Et
394 2030 546 2090 quererer
556 2013 632 2075 lecti
642 2014 757 2095 frigide
769 2032 864 2092 regne
873 2015 944 2077 mei.

301 2093 436 2155 Eosdem
446 2097 554 2156 hebuit
564 2116 678 2176 recum,
691 2099 801 2178 quibus
812 2104 862 2157 eet
872 2097 961 2176 elate,
973 2097 1111 2179 capillos,

341 2179 476 2240 Eosdem
488 2179 610 2240 oculor:
631 2180 725 2241 lateri
735 2183 830 2242 vestie
842 2181 949 2242 educte
959 2183 1029 2259 fuit,

300 2264 342 2323 m
355 2260 478 2322 eolitum
490 2262 584 2341 digito
597 2263 741 2343 beryllon
752 2263 902 2326 edederet
911 2267 1001 2343 ignis,

249 2355 284 2406 10
344 2346 527 2425 Summaque
538 2347 694 2408 Lethaeus
705 2348 836 2407 triveret
846 2368 901 2408 ore
909 2348 1028 2427 liquor:

301 2427 516 2508 Spireutisque
528 2431 643 2492 enimor
656 2437 689 2490 et
699 2449 807 2491 vocem
816 2433 915 2492 misit:
938 2430 1029 2492 atilli

340 2510 509 2573 Pollicibu
520 2513 648 2592 fragiles
659 2517 847 2594 increpuere
857 2534 978 2575 menne:

301 2595 438 2656 ‘Perhde
449 2616 508 2656 nec
520 2599 659 2676 cuiquem
670 2596 782 2658 melior
793 2596 947 2677 sperende
956 2595 1090 2676 puellae,

340 2680 375 2738 In
386 2686 418 2740 te
429 2682 489 2740 iem
499 2683 581 2742 vireo
594 2702 717 2743 somnus
728 2683 846 2741 hebere
855 2681 983 2760 poteo?

247 2769 279 2822 15
301 2760 402 2822 lemne
414 2765 472 2823 tibi
486 2763 667 2824 exciderunt
674 2765 812 2843 uigilacis
823 2764 907 2826 furto
918 2762 1055 2824 Suburae

338 2846 380 2906 Et
390 2865 458 2904 mee
468 2848 626 2906 nocturnis
637 2849 712 2906 trite
721 2849 861 2907 feuemre
872 2844 975 2917 dolie‘.²

298 2928 361 2988 Per
373 2948 462 3007 quem
473 2927 605 2990 demisso
618 2931 760 3008 quotiens
770 2932 829 2990 tibi
838 2931 913 2990 iuue
924 2930 1069 3010 pependi,

340 3010 472 3073 Alterne
481 3014 608 3072 veniens
619 3015 652 3072 in
661 3019 714 3072 tue
726 3011 808 3073 colle
816 3015 921 3074 menu!

300 3093 399 3173 Saepe
411 3095 518 3157 Venus
526 3096 617 3155 trivio
629 3099 791 3157 commisso
801 3104 860 3176 eet,
874 3104 1003 3178 pectore
1013 3099 1107 3157 mixto

244 3184 279 3236 ιο
339 3178 499 3238 Fecerunt
510 3178 630 3258 tepidos
640 3180 736 3260 pollio
745 3187 852 3240 nostre
861 3184 934 3241 vies.

299 3259 451 3322 Foederis
461 3263 523 3322 heu
534 3264 635 3323 taciti!
657 3266 742 3323 cuiue
754 3263 878 3324 fallacie
887 3266 981 3324 verbe

340 3344 409 3402 Non
423 3344 556 3405 audituri
569 3345 727 3426 diripuere
738 3348 820 3407 Noti.

297 3427 424 3487 etmihi
435 3446 498 3488 uon
509 3428 614 3489 oculor
626 3431 786 3508 quiequam
796 3431 971 3490 inolemuvit
982 3431 1099 3489 euntis:

339 3510 439 3570 Unum
453 3513 657 3592 inpetresrem
667 3519 700 3572 te
712 3520 877 3574 revocante
889 3513 987 3572 diem:

244 3599 279 3652 25
300 3590 365 3652 Nec
378 3597 501 3674 crepuit
509 3597 582 3654 fisse
593 3615 641 3654 me
652 3603 783 3675 propter
794 3596 966 3658 harundine
979 3602 1092 3673 curtos,

337 3675 443 3736 Luerit
453 3685 486 3738 et
496 3679 649 3738 obiectum
660 3678 764 3757 tegulo
776 3687 862 3740 curte
873 3686 973 3760 ceput.

1273 729 1275 838 ι

1273 1153 1275 1254 ι
