2717 4325
218 467 261 532 ll
515 463 878 528 PROPERTll

301 629 827 714 Atnanaiolthacidigreeaumota
837 633 970 718 Calypso
1059 661 1064 670 ⁴

247 732 284 785 10
343 717 572 781 Detertiaolim
581 720 927 797 fleverataequoribua:

302 804 421 867 Multos
429 803 486 864 illa
496 803 564 863 dies
574 804 741 882 incomptis
751 810 868 864 maesta
878 804 997 884 capillis

342 887 486 965 Sederat,
495 888 610 946 iniusto
620 885 911 966 multaloeutaealo,

300 973 343 1035 lta
354 973 489 1052 quamvis
499 990 663 1051 numquam
674 977 747 1051 pot
756 973 834 1032 haee
845 971 947 1032 visura
957 972 1084 1038 dolebat

271 1075 277 1088 ·
340 1055 510 1116 lllatemen
519 1056 632 1135 longae
642 1057 766 1117 conseia
775 1054 923 1117 laetitiae.

245 1151 279 1202 15
299 1141 365 1201 Nee
376 1142 421 1200 eie
432 1140 613 1202 Aesoniden
622 1142 815 1221 rapientibus
826 1141 1024 1202 anxlaventia

340 1224 514 1306 Hypsipyle
525 1244 619 1286 vacue
631 1225 771 1285 constitit
781 1225 814 1284 in
824 1222 975 1284 thalamo:

300 1309 475 1390 Hypsipyle
486 1307 587 1369 nullo·
598 1314 670 1389 poet
679 1307 750 1370 illos
762 1309 859 1368 sensit
870 1327 1001 1388 amores,

339 1394 383 1454 Ut
393 1393 492 1454 aemel
502 1393 674 1453 Haemonio
685 1393 785 1452 tabuit
794 1393 938 1471 hopitio.

299 1476 512 1558 Alphesiboea
523 1495 594 1536 ιιιοι
604 1475 670 1536 ulta
681 1484 729 1536 est
740 1496 796 1556 pro
809 1477 938 1555 coniuge
949 1477 1075 1554 fratres,
1137 1485 1169 1537 15

244 1570 279 1623 20
341 1561 504 1641 Sanguinis
515 1569 550 1622 et
560 1559 624 1619 cari
634 1559 755 1620 vincula
766 1562 850 1640 rupit
861 1579 955 1622 amor.
1137 1569 1170 1624 16

299 1646 448 1722 Coniugia
457 1644 587 1706 Euadne
595 1645 726 1706 miteroa
737 1641 818 1704 elata
827 1663 885 1725 per
895 1645 985 1724 ignea
1136 1654 1169 1706 tt

341 1729 475 1806 occidit,
488 1730 620 1806 Argivae
630 1727 712 1787 fama
721 1727 899 1807 pudicitiae.

201 1856 205 1864 .
299 1814 434 1890 Quarum
445 1811 530 1874 nulla
538 1819 608 1871 tuos
618 1813 721 1890 potuit
732 1819 915 1874 convertere
926 1831 1039 1892 mores,

340 1897 391 1957 Τιι
403 1915 526 1976 quoque
536 1897 583 1956 uti
593 1896 687 1954 lieres
699 1895 811 1956 nobilia
821 1897 961 1957 historia.

242 1990 276 2043 25
298 1982 415 2042 Desine
425 1983 485 2041 iam
496 1997 643 2042 revocare
654 1981 716 2040 tui
727 1982 864 2060 periuria
874 1982 988 2058 verbis,

339 2067 484 2146 Cynthia,
496 2072 530 2126 et
539 2063 653 2125 oblitos
664 2084 759 2144 parce
771 2083 895 2125 movere
907 2064 993 2142 deos,

297 2149 405 2212 Audax
417 2153 456 2211 ah
467 2151 594 2211 nimium
604 2156 712 2210 noatro
725 2149 859 2211 dolitura
868 2146 1000 2229 periclo,

339 2236 373 2296 Si
386 2236 461 2315 quid
470 2236 553 2295 forte
563 2235 622 2295 tibi
633 2233 739 2294 durius
751 2234 906 2294 inciderit.

296 2318 386 2384 Muta
394 2323 481 2399 priua
492 2325 577 2378 vasto
585 2318 730 2397 labentur
741 2319 865 2378 flumina
875 2325 982 2397 ponto,

241 2412 277 2468 30
336 2405 445 2463 Annus
456 2409 490 2463 at
500 2404 638 2463 inversae
649 2402 772 2462 duxerit
785 2408 856 2461 ante
868 2403 960 2479 vices,

296 2488 393 2564 Quam
403 2495 456 2548 tua
467 2489 523 2547 tub
535 2493 641 2547 nostro
652 2493 789 2547 mutetur
799 2493 928 2566 pectore
942 2505 1031 2547 eura:
1083 2518 1086 2525 ·

335 2572 384 2633 Sis
397 2572 611 2651 quodcumque
623 2570 720 2645 voles,
730 2589 793 2630 non
804 2569 905 2630 aliena
916 2576 1027 2632 tamen.

293 2655 370 2716 Nam
381 2659 457 2717 mihi
468 2675 507 2715 ne
517 2655 594 2715 viles
604 2656 657 2714 iati
667 2654 830 2715 vitleantur
841 2652 946 2733 ocelli,

334 2740 397 2799 Per
409 2760 488 2819 quoa
498 2756 592 2818 saepe
603 2738 679 2797 mihi
690 2738 809 2797 eredita
818 2737 950 2818 pertidia
962 2740 1024 2798 est!

138 2846 142 2849 ·
239 2832 273 2886 35
295 2824 361 2883 Hos
375 2831 409 2883 tu
419 2824 552 2899 iurabas,
563 2824 590 2882 ai
602 2820 677 2900 quid
687 2823 816 2881 mentita
826 2822 949 2898 luisses,

334 2907 378 2967 Ut
388 2908 446 2966 tibi
457 2906 625 2985 suppositis
636 2903 818 2966 exciderent
828 2908 982 2966 manibus:

291 2992 335 3052 Et
345 2997 453 3050 eontra
462 3010 602 3071 magnum
613 2997 704 3069 potet
715 2990 771 3050 hos
785 2990 929 3051 attollere
940 2988 1048 3069 solem,

333 3075 398 3135 Nee
410 3076 517 3134 tremis
529 3074 679 3134 admissae
690 3076 813 3134 conscia
822 3074 1003 3154 nequitiae?

292 3160 367 3236 Quia
377 3166 411 3218 te
423 3161 553 3237 cogebat
563 3158 674 3219 multo·
685 3157 805 3239 pallere
817 3157 940 3219 colores

236 3251 272 3305 40
331 3245 374 3305 Et
385 3244 492 3305 fletum
502 3245 606 3305 invitis
618 3242 733 3303 ducere
744 3240 935 3303 luminibus?

292 3329 368 3405 Quia
378 3346 436 3407 ego
448 3349 529 3389 nune
538 3345 635 3408 pereo
647 3326 765 3386 similes
776 3329 947 3387 moniturus
959 3333 1095 3388 amantea

332 3412 371 3473 <0
383 3413 476 3474 nullis
487 3419 586 3473 tutum
597 3410 730 3470 credere
740 3409 923 3472 blanditiis!

220 3546 274 3640 lll
292 3545 381 3648 lluae
391 3582 511 3641 fueram
521 3582 638 3656 magnis
651 3580 725 3640 olim
737 3580 893 3659 patefacte
903 3578 1078 3659 triumphis,

331 3666 423 3724 lanua
434 3664 588 3743 Tarpeiae
599 3671 672 3723 neta
681 3664 861 3743 pudicitiae,

292 3748 386 3807 Culus
400 3750 532 3807 inaurati
543 3746 741 3809 celebrarunt
750 3747 856 3809 limina
868 3766 987 3826 currus,
