2717 4325
211 358 275 423 104
509 356 871 421 raornurrr
983 314 986 318 ’

294 525 358 588 Sed
367 544 470 606 neque
482 524 633 607 supplens
645 526 812 585 constabat
813 526 935 586 flamma
944 524 1094 610 lucernis,

333 608 478 671 Recidit'
468 628 563 689 mque
576 628 648 669 suos
658 627 764 669 mensa
774 610 883 689 supina
894 610 1002 691 pedes.

237 702 272 755 45
293 693 349 754 Me
367 711 490 772 quoque
503 712 561 773 per
571 691 650 753 talos
660 692 819 755 Venerem
829 701 1000 771 quaerente
1012 695 1174 760 secundos
1273 669 1274 740 i

335 776 466 858 Semper
478 775 615 836 damnosi
630 773 804 836 subsiluere
816 794 918 838 canes.

294 861 467 922 cantabant
477 858 582 936 surdo,
596 857 753 919 nudabant
762 865 891 939 pectora
902 879 1010 921 caeco:

331 943 459 1003 Lanuvii
471 942 635 1024 adportas,
646 942 795 1018 heimini,
813 941 897 1003 solus
909 962 1010 1020 eram;

293 1024 1022 1106 Gumsubitoraucisonueruntcardinepostes,

239 1120 274 1171 50
334 1108 465 1171 soleria
475 1108 639 1190 adprimus
650 1126 805 1169 murmura
815 1108 1011 1171 t‘actaLares.

291 1192 356 1253 Nec
368 1212 464 1270 mora,
476 1212 545 1252 cum
555 1198 636 1252 totos
645 1193 806 1271 resupinat
817 1193 951 1271 Cynthia
961 1192 1071 1273 valum,

332 1276 361 1336 N
362 1296 402 1335 on
414 1295 544 1355 operosa
555 1276 661 1353 comis,
672 1275 730 1336 sed
739 1275 906 1335 iufibunda
917 1276 1042 1340 decens.

291 1358 408 1419 Pocula
418 1361 460 1419 mi
472 1356 585 1437 digitos
596 1360 680 1419 inter
691 1357 835 1418 cecidere
846 1361 1004 1437 remissos,

332 1442 574 1521 Polluerautque
585 1444 653 1523 ipso
663 1440 750 1501 labra
760 1440 862 1501 soluta
872 1462 968 1503 mero.

238 1536 272 1588 55
292 1525 450 1587 Fulminat
459 1524 516 1585 illa
526 1524 623 1587 oculis
635 1532 668 1586 et
681 1531 827 1605 quantum
837 1526 953 1587 femina
964 1528 1071 1605 saevit,

332 1608 973 1690 Spectaclumcaptanecminusurbefuit.

290 1691 453 1771 Phyllidos
463 1694 559 1752 iratos
569 1694 603 1751 in
612 1690 728 1751 vultum
740 1693 854 1752 conicit
864 1710 997 1773 ungues:

332 1775 459 1835 Territa
469 1775 584 1834 vicinas
596 1773 675 1835 Teia
686 1773 798 1835 clamat
808 1794 911 1855 aquas.

289 1859 419 1919 Lumina
429 1858 546 1938 sopitos
558 1858 684 1918 turbant
694 1857 775 1918 elata
786 1860 934 1937 Quirites,

238 1951 273 2005 60
334 1941 441 2001 Omnis
452 1948 485 2000 et
495 1942 602 2001 insana
613 1943 723 2001 emita
733 1948 825 2001 noete
836 1949 934 2004 sonat.

289 2024 362 2085 Illas
374 2024 566 2104 direptisque
577 2026 672 2085 comis
683 2026 857 2103 tunicisque
868 2024 978 2106 solutis

330 2108 454 2189 Excipit
465 2110 613 2169 obscurae
627 2110 728 2189 prima
737 2108 866 2168 taberna
876 2110 953 2172 viae.

291 2192 425 2272 Cynthia
436 2190 549 2270 gaudet
558 2193 592 2250 in
605 2193 721 2254 exuviis
730 2193 902 2270 victrixque
912 2194 1048 2253 recurrit
1151 2187 1156 2193 ’

328 2277 370 2334 lit
381 2293 449 2334 mea
459 2292 606 2354 perversa
617 2277 734 2335 sauciat
743 2293 797 2334 ora
807 2294 898 2335 manu

236 2367 270 2421 65
291 2359 476 2438 Inponitque
486 2364 590 2418 notam
601 2356 682 2418 collo
693 2377 858 2436 morsuque
869 2366 1022 2437 cruentat,

329 2441 562 2522 Praecipueque
573 2439 690 2518 oculos,
704 2443 756 2520 qui
767 2460 921 2520 meruere,
932 2443 1017 2504 ferit.

290 2525 393 2605 Atque
405 2525 458 2584 ubi
470 2523 532 2584 iam
542 2525 659 2587 nostris
668 2524 792 2584 lassarit
802 2526 927 2585 brachia
937 2524 1046 2606 plagis,

330 2607 502 2686 Lygdamus
514 2607 554 2669 ad
562 2606 661 2689 plutei
671 2607 771 2668 fulcra
780 2609 905 2668 sinistra
913 2607 1016 2668 latens

289 2692 426 2769 Eruitur,
439 2694 623 2771 geniumque
634 2710 736 2751 meum
745 2698 918 2770 prostratus
930 2691 1044 2752 adorat.
1080 2718 1083 2722 ⁴

235 2783 270 2838 ⁷o
330 2773 497 2852 Lygdum,
510 2773 556 2834 nil
565 2775 668 2852 potui:
690 2781 793 2834 tecum
803 2793 861 2853 ego
873 2781 979 2854 captus
990 2794 1083 2835 eram.

291 2856 486 2937 supplicibus
497 2855 607 2935 palmis
617 2863 683 2917 tum
694 2855 816 2918 demum
827 2857 866 2917 ad
875 2857 1003 2918 foedera
1014 2859 1096 2936 veni,

332 2941 409 3000 Gum
418 2940 468 2999 vIr
477 2938 648 3016 tangendos
658 2940 802 3021 praebuit
812 2939 866 3001 illa
875 2941 983 3021 pedes,

289 3024 392 3102 Atque
404 3023 446 3082 ait
461 3021 623 3083 <admissae
635 3025 660 3083 si
671 3025 717 3084 vis
727 3043 777 3084 me
787 3026 949 3102 ignoscere
961 3023 1079 3104 culpae,

330 3107 456 3186 Accipe,
469 3125 547 3185 quae
558 3113 683 3168 nostrae
693 3107 825 3168 formula
835 3105 915 3186 legis
926 3109 996 3167 erit.

235 3197 268 3252 75
291 3191 341 3252 Tu
351 3209 453 3269 neque
464 3189 611 3270 Pompeia
622 3193 796 3271 spatiabere
808 3189 909 3250 cultus
919 3190 1080 3266 inumbra,

328 3273 394 3333 Nec
405 3293 474 3333 cum
483 3271 629 3334 lascivum
640 3281 762 3334 sternet
771 3275 888 3334 harena
897 3274 1006 3333 iorum

289 3354 381 3417 Colle
392 3375 464 3416 eave
475 3357 616 3418 inflectas
628 3357 667 3416 ad
678 3377 826 3418 summum
838 3354 963 3436 obliqua
973 3358 1128 3415 theatrum

329 3441 392 3501 Aut
401 3438 514 3500 lectica
523 3448 617 3500 tuae
606 3439 687 3499 sidat
697 3447 803 3520 aperto
812 3458 926 3500 morae.

287 3521 480 3602 Lygdamus
469 3543 503 3584 m
512 3542 631 3603 prrmrs,
643 3525 741 3584 omnis
751 3525 827 3584 mrin
839 3543 929 3583 eausa
941 3476 1146 3600 querellae!
1204 3482 1207 3486 ι
1273 3480 1274 3505 A

234 3613 269 3668 80
330 3607 452 3670 Veneat
464 3613 497 3667 et
506 3605 638 3686 pedrbus
651 3606 771 3668 vmeula
781 3607 854 3666 bina
864 3608 989 3666 trahat
1165 3638 1169 3645 ·
