<?xml version="1.0" encoding="UTF-8"?>
<!DOCTYPE html PUBLIC "-//W3C//DTD XHTML 1.0 Transitional//EN"
    "http://www.w3.org/TR/xhtml1/DTD/xhtml1-transitional.dtd">
<html xmlns="http://www.w3.org/1999/xhtml" xml:lang="en" lang="en">
 <head>
  <title>
</title>
<meta http-equiv="Content-Type" content="text/html;charset=utf-8" />
  <meta name='ocr-system' content='tesseract 3.04.00' />
  <meta name='ocr-capabilities' content='ocr_page ocr_carea ocr_par ocr_line ocrx_word'/>
</head>
<body>
  <div class='ocr_page' id='page_1' title='image "./qvaleriicatulli00rossgoog_0099.png"; bbox 0 0 2717 4325; ppageno 0'>
   <div class='ocr_carea' id='block_1_1' title="bbox 453 397 1223 494">
    <p class='ocr_par' dir='ltr' id='par_1_1' title="bbox 453 397 1223 494">
     <span class='ocr_line' id='line_1_1' title="bbox 453 397 1223 494; baseline 0.012 -12"><span class='ocrx_word' id='word_1_1' title='bbox 453 417 645 485; x_wconf 74' lang='lat' dir='ltr'><strong>circum</strong></span> <span class='ocrx_word' id='word_1_2' title='bbox 666 423 799 486; x_wconf 75' lang='lat' dir='ltr'><strong>osus.</strong></span> <span class='ocrx_word' id='word_1_3' title='bbox 823 437 987 491; x_wconf 80' lang='lat' dir='ltr'><strong>llo—114.</strong></span> <span class='ocrx_word' id='word_1_4' title='bbox 1178 397 1223 494; x_wconf 65' lang='grc' dir='ltr'><strong>ιι</strong></span> 
     </span>
    </p>
   </div>
   <div class='ocr_carea' id='block_1_2' title="bbox 275 590 1091 909">
    <p class='ocr_par' dir='ltr' id='par_1_2' title="bbox 275 590 1091 909">
     <span class='ocr_line' id='line_1_2' title="bbox 310 590 1091 676; baseline 0.006 -24"><span class='ocrx_word' id='word_1_5' title='bbox 310 590 361 652; x_wconf 86' lang='lat' dir='ltr'><strong>liii</strong></span> <span class='ocrx_word' id='word_1_6' title='bbox 379 591 497 669; x_wconf 71' lang='lat' dir='ltr'><strong>mgni,</strong></span> <span class='ocrx_word' id='word_1_7' title='bbox 515 591 610 654; x_wconf 68' lang='lat' dir='ltr'><strong>facite</strong></span> <span class='ocrx_word' id='word_1_8' title='bbox 627 598 663 652; x_wconf 89' lang='lat' dir='ltr'><strong>ut</strong></span> <span class='ocrx_word' id='word_1_9' title='bbox 682 609 757 653; x_wconf 78' lang='lat' dir='ltr'><strong>verr</strong></span> <span class='ocrx_word' id='word_1_10' title='bbox 775 595 958 673; x_wconf 69' lang='lat' dir='ltr'><strong>promittere</strong></span> <span class='ocrx_word' id='word_1_11' title='bbox 978 597 1091 676; x_wconf 85' lang='lat' dir='ltr'><strong>possit,</strong></span> 
     </span>
     <span class='ocr_line' id='line_1_3' title="bbox 352 673 1007 758; baseline 0.008 -24"><span class='ocrx_word' id='word_1_12' title='bbox 352 675 455 755; x_wconf 79' lang='lat' dir='ltr'><strong>Atque</strong></span> <span class='ocrx_word' id='word_1_13' title='bbox 475 673 510 734; x_wconf 80' lang='lat' dir='ltr'><strong>to</strong></span> <span class='ocrx_word' id='word_1_14' title='bbox 529 676 651 736; x_wconf 80' lang='lat' dir='ltr'><strong>sincere</strong></span> <span class='ocrx_word' id='word_1_15' title='bbox 673 673 755 738; x_wconf 78' lang='lat' dir='ltr'><strong>diest</strong></span> <span class='ocrx_word' id='word_1_16' title='bbox 778 683 811 737; x_wconf 90' lang='lat' dir='ltr'><strong>et</strong></span> <span class='ocrx_word' id='word_1_17' title='bbox 832 697 869 738; x_wconf 84' lang='lat' dir='ltr'><strong>cx</strong></span> <span class='ocrx_word' id='word_1_18' title='bbox 891 681 1007 758; x_wconf 80' lang='lat' dir='ltr'><strong>mimo,</strong></span> 
     </span>
     <span class='ocr_line' id='line_1_4' title="bbox 275 757 935 840; baseline 0.005 -20"><span class='ocrx_word' id='word_1_19' title='bbox 275 770 292 820; x_wconf 83' lang='lat'><strong>5</strong></span> <span class='ocrx_word' id='word_1_20' title='bbox 312 759 355 819; x_wconf 90' lang='lat' dir='ltr'><strong>Ut</strong></span> <span class='ocrx_word' id='word_1_21' title='bbox 373 757 467 823; x_wconf 80' lang='lat' dir='ltr'><strong>iicest</strong></span> <span class='ocrx_word' id='word_1_22' title='bbox 486 760 575 830; x_wconf 81' lang='lat' dir='ltr'><strong>uobis</strong></span> <span class='ocrx_word' id='word_1_23' title='bbox 595 765 661 820; x_wconf 84' lang='lat' dir='ltr'><strong>toto</strong></span> <span class='ocrx_word' id='word_1_24' title='bbox 681 759 854 840; x_wconf 75' lang='lat' dir='ltr'><strong>perducere</strong></span> <span class='ocrx_word' id='word_1_25' title='bbox 873 763 935 823; x_wconf 83' lang='lat' dir='ltr'><strong>vitu</strong></span> 
     </span>
     <span class='ocr_line' id='line_1_5' title="bbox 352 843 1052 909; baseline 0.01 -7"><span class='ocrx_word' id='word_1_26' title='bbox 352 843 521 908; x_wconf 77' lang='lat' dir='ltr'><strong>Aeternum</strong></span> <span class='ocrx_word' id='word_1_27' title='bbox 540 844 601 904; x_wconf 82' lang='lat' dir='ltr'><strong>hoc</strong></span> <span class='ocrx_word' id='word_1_28' title='bbox 620 850 744 904; x_wconf 78' lang='lat' dir='ltr'><strong>ssuctsc</strong></span> <span class='ocrx_word' id='word_1_29' title='bbox 761 844 872 906; x_wconf 85' lang='lat' dir='ltr'><strong>iocdus</strong></span> <span class='ocrx_word' id='word_1_30' title='bbox 892 847 1052 909; x_wconf 69' lang='lat' dir='ltr'><strong>amicitiae.</strong></span> 
     </span>
    </p>
   </div>
   <div class='ocr_carea' id='block_1_3' title="bbox 620 969 821 979">
    <p class='ocr_par' dir='ltr' id='par_1_3' title="bbox 620 969 821 979">
     <span class='ocr_line' id='line_1_6' title="bbox 620 969 821 979; baseline 0 -1"><span class='ocrx_word' id='word_1_31' title='bbox 620 969 821 979; x_wconf 47' lang='lat' dir='ltr'><strong>mu.-</strong></span> 
     </span>
    </p>
   </div>
   <div class='ocr_carea' id='block_1_4' title="bbox 685 1035 756 1100">
    <p class='ocr_par' dir='ltr' id='par_1_4' title="bbox 685 1035 756 1100">
     <span class='ocr_line' id='line_1_7' title="bbox 685 1035 756 1100; baseline -0.014 0"><span class='ocrx_word' id='word_1_32' title='bbox 685 1035 756 1100; x_wconf 83' lang='lat' dir='ltr'><strong>CX.</strong></span> 
     </span>
    </p>
   </div>
   <div class='ocr_carea' id='block_1_5' title="bbox 312 1120 1064 1238">
    <p class='ocr_par' dir='ltr' id='par_1_5' title="bbox 312 1120 1064 1238">
     <span class='ocr_line' id='line_1_8' title="bbox 312 1120 1064 1238; baseline 0.008 -25"><span class='ocrx_word' id='word_1_33' title='bbox 312 1120 473 1234; x_wconf 67' lang='lat' dir='ltr'><strong>Anticus,</strong></span> <span class='ocrx_word' id='word_1_34' title='bbox 494 1158 591 1218; x_wconf 79' lang='lat' dir='ltr'><strong>bouso</strong></span> <span class='ocrx_word' id='word_1_35' title='bbox 610 1175 732 1238; x_wconf 80' lang='lat' dir='ltr'><strong>semper</strong></span> <span class='ocrx_word' id='word_1_36' title='bbox 752 1153 915 1218; x_wconf 78' lang='lat' dir='ltr'><strong>lsudcutur</strong></span> <span class='ocrx_word' id='word_1_37' title='bbox 936 1159 1064 1220; x_wconf 82' lang='lat' dir='ltr'><strong>smicoc:</strong></span> 
     </span>
    </p>
   </div>
   <div class='ocr_carea' id='block_1_6' title="bbox 276 1239 1220 1824">
    <p class='ocr_par' dir='ltr' id='par_1_6' title="bbox 276 1239 1220 1824">
     <span class='ocr_line' id='line_1_9' title="bbox 353 1239 1104 1321; baseline 0.004 -22"><span class='ocrx_word' id='word_1_38' title='bbox 353 1240 518 1321; x_wconf 75' lang='lat' dir='ltr'><strong>Accipiunt</strong></span> <span class='ocrx_word' id='word_1_39' title='bbox 536 1242 687 1321; x_wconf 83' lang='lat' dir='ltr'><strong>pretium,</strong></span> <span class='ocrx_word' id='word_1_40' title='bbox 710 1257 787 1319; x_wconf 85' lang='lat' dir='ltr'><strong>quse</strong></span> <span class='ocrx_word' id='word_1_41' title='bbox 808 1239 912 1302; x_wconf 85' lang='lat' dir='ltr'><strong>fucere</strong></span> <span class='ocrx_word' id='word_1_42' title='bbox 932 1243 1104 1304; x_wconf 86' lang='lat' dir='ltr'><strong>instituunt.</strong></span> 
     </span>
     <span class='ocr_line' id='line_1_10' title="bbox 312 1321 1220 1406; baseline 0.004 -22"><span class='ocrx_word' id='word_1_43' title='bbox 312 1321 377 1402; x_wconf 79' lang='lat' dir='ltr'><strong>Tu,</strong></span> <span class='ocrx_word' id='word_1_44' title='bbox 399 1323 481 1403; x_wconf 84' lang='lat' dir='ltr'><strong>quod</strong></span> <span class='ocrx_word' id='word_1_45' title='bbox 501 1325 659 1405; x_wconf 75' lang='lat' dir='ltr'><strong>promisti,</strong></span> <span class='ocrx_word' id='word_1_46' title='bbox 683 1324 758 1384; x_wconf 87' lang='lat' dir='ltr'><strong>mihi</strong></span> <span class='ocrx_word' id='word_1_47' title='bbox 779 1323 861 1403; x_wconf 86' lang='lat' dir='ltr'><strong>quod</strong></span> <span class='ocrx_word' id='word_1_48' title='bbox 880 1327 1009 1387; x_wconf 86' lang='lat' dir='ltr'><strong>mentits</strong></span> <span class='ocrx_word' id='word_1_49' title='bbox 1028 1327 1149 1386; x_wconf 81' lang='lat' dir='ltr'><strong>inimico</strong></span> <span class='ocrx_word' id='word_1_50' title='bbox 1170 1347 1220 1406; x_wconf 85' lang='lat' dir='ltr'><strong>es,</strong></span> 
     </span>
     <span class='ocr_line' id='line_1_11' title="bbox 353 1405 1135 1488; baseline 0.001 -21"><span class='ocrx_word' id='word_1_51' title='bbox 353 1405 442 1484; x_wconf 78' lang='lat' dir='ltr'><strong>Quod</strong></span> <span class='ocrx_word' id='word_1_52' title='bbox 463 1425 521 1468; x_wconf 89' lang='lat' dir='ltr'><strong>nec</strong></span> <span class='ocrx_word' id='word_1_53' title='bbox 542 1407 596 1468; x_wconf 79' lang='lat' dir='ltr'><strong>(irs</strong></span> <span class='ocrx_word' id='word_1_54' title='bbox 616 1426 675 1468; x_wconf 88' lang='lat' dir='ltr'><strong>nec</strong></span> <span class='ocrx_word' id='word_1_55' title='bbox 696 1407 777 1486; x_wconf 80' lang='lat' dir='ltr'><strong>fers,</strong></span> <span class='ocrx_word' id='word_1_56' title='bbox 800 1425 892 1488; x_wconf 84' lang='lat' dir='ltr'><strong>sucpe</strong></span> <span class='ocrx_word' id='word_1_57' title='bbox 910 1409 987 1469; x_wconf 85' lang='lat' dir='ltr'><strong>iocis</strong></span> <span class='ocrx_word' id='word_1_58' title='bbox 1007 1408 1135 1470; x_wconf 86' lang='lat' dir='ltr'><strong>focinus.</strong></span> 
     </span>
     <span class='ocr_line' id='line_1_12' title="bbox 276 1491 1219 1576; baseline 0.002 -22"><span class='ocrx_word' id='word_1_59' title='bbox 276 1501 294 1554; x_wconf 80' lang='lat'><strong>5</strong></span> <span class='ocrx_word' id='word_1_60' title='bbox 313 1491 375 1552; x_wconf 83' lang='lat' dir='ltr'><strong>Aut</strong></span> <span class='ocrx_word' id='word_1_61' title='bbox 394 1491 499 1553; x_wconf 84' lang='lat' dir='ltr'><strong>iocerc</strong></span> <span class='ocrx_word' id='word_1_62' title='bbox 512 1494 663 1572; x_wconf 70' lang='lat' dir='ltr'><strong>ingenuae</strong></span> <span class='ocrx_word' id='word_1_63' title='bbox 684 1496 749 1570; x_wconf 84' lang='lat' dir='ltr'><strong>est,</strong></span> <span class='ocrx_word' id='word_1_64' title='bbox 770 1497 821 1552; x_wconf 86' lang='lat' dir='ltr'><strong>sut</strong></span> <span class='ocrx_word' id='word_1_65' title='bbox 841 1511 903 1552; x_wconf 84' lang='lat' dir='ltr'><strong>uon</strong></span> <span class='ocrx_word' id='word_1_66' title='bbox 916 1494 1066 1573; x_wconf 88' lang='lat' dir='ltr'><strong>promisse</strong></span> <span class='ocrx_word' id='word_1_67' title='bbox 1080 1494 1219 1576; x_wconf 75' lang='lat' dir='ltr'><strong>pudicae,</strong></span> 
     </span>
     <span class='ocr_line' id='line_1_13' title="bbox 353 1575 948 1658; baseline 0.003 -22"><span class='ocrx_word' id='word_1_68' title='bbox 353 1575 511 1655; x_wconf 64' lang='lat' dir='ltr'><strong>Aruleno,</strong></span> <span class='ocrx_word' id='word_1_69' title='bbox 530 1576 605 1636; x_wconf 76' lang='lat' dir='ltr'><strong>iuitr</strong></span> <span class='ocrx_word' id='word_1_70' title='bbox 625 1575 682 1637; x_wconf 73' lang='lat' dir='ltr'><strong>soci</strong></span> <span class='ocrx_word' id='word_1_71' title='bbox 702 1575 772 1636; x_wconf 83' lang='lat' dir='ltr'><strong>doto</strong></span> <span class='ocrx_word' id='word_1_72' title='bbox 789 1577 948 1658; x_wconf 80' lang='lat' dir='ltr'><strong>corripere</strong></span> 
     </span>
     <span class='ocr_line' id='line_1_14' title="bbox 311 1657 1158 1742; baseline 0.005 -23"><span class='ocrx_word' id='word_1_73' title='bbox 311 1657 493 1722; x_wconf 78' lang='lat' dir='ltr'><strong>Frouduudo</strong></span> <span class='ocrx_word' id='word_1_74' title='bbox 514 1661 626 1722; x_wconf 84' lang='lat' dir='ltr'><strong>officiis</strong></span> <span class='ocrx_word' id='word_1_75' title='bbox 644 1658 716 1742; x_wconf 89' lang='lat' dir='ltr'><strong>plus</strong></span> <span class='ocrx_word' id='word_1_76' title='bbox 735 1678 823 1738; x_wconf 85' lang='lat' dir='ltr'><strong>quom</strong></span> <span class='ocrx_word' id='word_1_77' title='bbox 842 1662 1016 1723; x_wconf 84' lang='lat' dir='ltr'><strong>meretricis</strong></span> <span class='ocrx_word' id='word_1_78' title='bbox 1036 1681 1158 1740; x_wconf 72' lang='lat' dir='ltr'><strong>evuco,</strong></span> 
     </span>
     <span class='ocr_line' id='line_1_15' title="bbox 323 1743 956 1824; baseline 0.005 -21"><span class='ocrx_word' id='word_1_79' title='bbox 323 1757 329 1770; x_wconf 91' lang='grc'>·</span> <span class='ocrx_word' id='word_1_80' title='bbox 355 1743 529 1821; x_wconf 75' lang='lat' dir='ltr'><strong>Quaerere</strong></span> <span class='ocrx_word' id='word_1_81' title='bbox 550 1751 617 1806; x_wconf 87' lang='lat' dir='ltr'><strong>toto</strong></span> <span class='ocrx_word' id='word_1_82' title='bbox 638 1762 770 1824; x_wconf 81' lang='lat' dir='ltr'><strong>corporo</strong></span> <span class='ocrx_word' id='word_1_83' title='bbox 788 1746 956 1824; x_wconf 76' lang='lat' dir='ltr'><strong>prostituit.</strong></span> 
     </span>
    </p>
   </div>
   <div class='ocr_carea' id='block_1_7' title="bbox 626 1869 828 1882">
    <p class='ocr_par' dir='ltr' id='par_1_7' title="bbox 626 1869 828 1882">
     <span class='ocr_line' id='line_1_16' title="bbox 626 1869 828 1882; baseline -0.015 0"><span class='ocrx_word' id='word_1_84' title='bbox 626 1869 828 1882; x_wconf 53' lang='grc' dir='ltr'><strong>*ιι-</strong></span> 
     </span>
    </p>
   </div>
   <div class='ocr_carea' id='block_1_8' title="bbox 682 1936 771 2000">
    <p class='ocr_par' dir='ltr' id='par_1_8' title="bbox 682 1936 771 2000">
     <span class='ocr_line' id='line_1_17' title="bbox 682 1936 771 2000; baseline -0.034 1"><span class='ocrx_word' id='word_1_85' title='bbox 682 1936 771 2000; x_wconf 81' lang='lat' dir='ltr'>CXI.</span> 
     </span>
    </p>
   </div>
   <div class='ocr_carea' id='block_1_9' title="bbox 315 2023 1138 2389">
    <p class='ocr_par' dir='ltr' id='par_1_9' title="bbox 317 2023 983 2222">
     <span class='ocr_line' id='line_1_18' title="bbox 317 2023 983 2134; baseline -0.002 -18"><span class='ocrx_word' id='word_1_86' title='bbox 317 2023 477 2134; x_wconf 69' lang='lat' dir='ltr'><strong>Aufiieuo,</strong></span> <span class='ocrx_word' id='word_1_87' title='bbox 497 2058 563 2118; x_wconf 79' lang='lat' dir='ltr'><strong>viro</strong></span> <span class='ocrx_word' id='word_1_88' title='bbox 584 2063 757 2118; x_wconf 82' lang='lat' dir='ltr'><strong>contentum</strong></span> <span class='ocrx_word' id='word_1_89' title='bbox 777 2058 879 2118; x_wconf 84' lang='lat' dir='ltr'><strong>virere</strong></span> <span class='ocrx_word' id='word_1_90' title='bbox 900 2055 983 2134; x_wconf 84' lang='lat' dir='ltr'><strong>solo,</strong></span> 
     </span>
     <span class='ocr_line' id='line_1_19' title="bbox 355 2137 961 2222; baseline -0.005 -20"><span class='ocrx_word' id='word_1_91' title='bbox 355 2140 523 2222; x_wconf 81' lang='lat' dir='ltr'><strong>Nuptsrum</strong></span> <span class='ocrx_word' id='word_1_92' title='bbox 542 2137 608 2203; x_wconf 81' lang='lat' dir='ltr'><strong>loos</strong></span> <span class='ocrx_word' id='word_1_93' title='bbox 629 2139 809 2203; x_wconf 75' lang='lat' dir='ltr'><strong>claudibus</strong></span> <span class='ocrx_word' id='word_1_94' title='bbox 829 2141 961 2202; x_wconf 86' lang='lat' dir='ltr'><strong>eximiis:</strong></span> 
     </span>
    </p>

    <p class='ocr_par' dir='ltr' id='par_1_10' title="bbox 315 2225 1138 2389">
     <span class='ocr_line' id='line_1_20' title="bbox 315 2225 1138 2307; baseline -0.005 -20"><span class='ocrx_word' id='word_1_95' title='bbox 315 2225 379 2287; x_wconf 79' lang='lat' dir='ltr'><strong>Sed</strong></span> <span class='ocrx_word' id='word_1_96' title='bbox 392 2226 490 2286; x_wconf 82' lang='lat' dir='ltr'><strong>cuivis</strong></span> <span class='ocrx_word' id='word_1_97' title='bbox 511 2227 645 2306; x_wconf 86' lang='lat' dir='ltr'><strong>quumvis</strong></span> <span class='ocrx_word' id='word_1_98' title='bbox 661 2228 763 2307; x_wconf 89' lang='lat' dir='ltr'><strong>potios</strong></span> <span class='ocrx_word' id='word_1_99' title='bbox 781 2226 979 2285; x_wconf 78' lang='lat' dir='ltr'><strong>succumbere</strong></span> <span class='ocrx_word' id='word_1_100' title='bbox 999 2244 1055 2305; x_wconf 84' lang='lat' dir='ltr'><strong>por</strong></span> <span class='ocrx_word' id='word_1_101' title='bbox 1075 2230 1138 2301; x_wconf 85' lang='lat' dir='ltr'><strong>est,</strong></span> 
     </span>
     <span class='ocr_line' id='line_1_21' title="bbox 358 2308 1110 2389; baseline -0.004 -19"><span class='ocrx_word' id='word_1_102' title='bbox 358 2310 454 2388; x_wconf 74' lang='lat' dir='ltr'><strong>Quum</strong></span> <span class='ocrx_word' id='word_1_103' title='bbox 473 2317 602 2372; x_wconf 83' lang='lat' dir='ltr'><strong>mutrem</strong></span> <span class='ocrx_word' id='word_1_104' title='bbox 621 2310 734 2371; x_wconf 84' lang='lat' dir='ltr'><strong>irstrcs</strong></span> <span class='ocrx_word' id='word_1_105' title='bbox 755 2308 919 2389; x_wconf 88' lang='lat' dir='ltr'><strong>concipere</strong></span> <span class='ocrx_word' id='word_1_106' title='bbox 936 2326 974 2368; x_wconf 82' lang='lat' dir='ltr'><strong>er</strong></span> <span class='ocrx_word' id='word_1_107' title='bbox 992 2315 1110 2389; x_wconf 81' lang='lat' dir='ltr'><strong>patruo.</strong></span> 
     </span>
    </p>
   </div>
   <div class='ocr_carea' id='block_1_10' title="bbox 627 2435 827 2447">
    <p class='ocr_par' dir='ltr' id='par_1_11' title="bbox 627 2435 827 2447">
     <span class='ocr_line' id='line_1_22' title="bbox 627 2435 827 2447; baseline 0 -2"><span class='ocrx_word' id='word_1_108' title='bbox 627 2435 827 2447; x_wconf 65' lang='lat' dir='ltr'><strong>-n—-a—-n-</strong></span> 
     </span>
    </p>
   </div>
   <div class='ocr_carea' id='block_1_11' title="bbox 673 2500 781 2566">
    <p class='ocr_par' dir='ltr' id='par_1_12' title="bbox 673 2500 781 2566">
     <span class='ocr_line' id='line_1_23' title="bbox 673 2500 781 2566; baseline -0.019 0"><span class='ocrx_word' id='word_1_109' title='bbox 673 2500 781 2566; x_wconf 79' lang='lat' dir='ltr'><strong>CXII.</strong></span> 
     </span>
    </p>
   </div>
   <div class='ocr_carea' id='block_1_12' title="bbox 318 2583 1224 2784">
    <p class='ocr_par' dir='ltr' id='par_1_13' title="bbox 318 2583 1224 2784">
     <span class='ocr_line' id='line_1_24' title="bbox 318 2583 1224 2682; baseline 0.001 -4"><span class='ocrx_word' id='word_1_110' title='bbox 318 2583 439 2681; x_wconf 79' lang='lat' dir='ltr'><strong>Multus</strong></span> <span class='ocrx_word' id='word_1_111' title='bbox 453 2620 543 2681; x_wconf 87' lang='lat' dir='ltr'><strong>homo</strong></span> <span class='ocrx_word' id='word_1_112' title='bbox 557 2625 606 2682; x_wconf 84' lang='lat' dir='ltr'><strong>est</strong></span> <span class='ocrx_word' id='word_1_113' title='bbox 622 2620 702 2681; x_wconf 85' lang='lat' dir='ltr'><strong>Nsso</strong></span> <span class='ocrx_word' id='word_1_114' title='bbox 720 2640 779 2681; x_wconf 86' lang='lat' dir='ltr'><strong>nco</strong></span> <span class='ocrx_word' id='word_1_115' title='bbox 792 2627 892 2681; x_wconf 86' lang='lat' dir='ltr'><strong>tecum</strong></span> <span class='ocrx_word' id='word_1_116' title='bbox 906 2618 1016 2679; x_wconf 88' lang='lat' dir='ltr'><strong>multus</strong></span> <span class='ocrx_word' id='word_1_117' title='bbox 1034 2618 1124 2679; x_wconf 86' lang='lat' dir='ltr'><strong>homo</strong></span> <span class='ocrx_word' id='word_1_118' title='bbox 1139 2616 1155 2655; x_wconf 87' lang='lat'>*</span> <span class='ocrx_word' id='word_1_119' title='bbox 1168 2616 1224 2679; x_wconf 82' lang='lat' dir='ltr'><strong>scd</strong></span> 
     </span>
     <span class='ocr_line' id='line_1_25' title="bbox 358 2703 1066 2784; baseline -0.007 -18"><span class='ocrx_word' id='word_1_120' title='bbox 358 2703 541 2766; x_wconf 80' lang='lat' dir='ltr'><strong>Descendit:</strong></span> <span class='ocrx_word' id='word_1_121' title='bbox 561 2705 657 2784; x_wconf 82' lang='lat' dir='ltr'><strong>Nsso,</strong></span> <span class='ocrx_word' id='word_1_122' title='bbox 678 2703 792 2765; x_wconf 87' lang='lat' dir='ltr'><strong>multus</strong></span> <span class='ocrx_word' id='word_1_123' title='bbox 810 2722 844 2764; x_wconf 87' lang='lat' dir='ltr'><strong>es</strong></span> <span class='ocrx_word' id='word_1_124' title='bbox 865 2709 897 2766; x_wconf 91' lang='lat' dir='ltr'><strong>et</strong></span> <span class='ocrx_word' id='word_1_125' title='bbox 918 2704 1066 2784; x_wconf 74' lang='lat' dir='ltr'><strong>pathicus.</strong></span> 
     </span>
    </p>
   </div>
   <div class='ocr_carea' id='block_1_13' title="bbox 666 2910 789 2977">
    <p class='ocr_par' dir='ltr' id='par_1_14' title="bbox 666 2910 789 2977">
     <span class='ocr_line' id='line_1_26' title="bbox 666 2910 789 2977; baseline -0.016 0"><span class='ocrx_word' id='word_1_126' title='bbox 666 2910 789 2977; x_wconf 80' lang='lat' dir='ltr'>CXIII.</span> 
     </span>
    </p>
   </div>
   <div class='ocr_carea' id='block_1_14' title="bbox 318 2995 1167 3357">
    <p class='ocr_par' dir='ltr' id='par_1_15' title="bbox 320 2995 1167 3173">
     <span class='ocr_line' id='line_1_27' title="bbox 320 2995 1167 3111; baseline -0.006 -23"><span class='ocrx_word' id='word_1_127' title='bbox 320 2995 460 3088; x_wconf 71' lang='lat' dir='ltr'><strong>Consule</strong></span> <span class='ocrx_word' id='word_1_128' title='bbox 479 3029 625 3109; x_wconf 87' lang='lat' dir='ltr'><strong>Pompeio</strong></span> <span class='ocrx_word' id='word_1_129' title='bbox 645 3030 777 3111; x_wconf 88' lang='lat' dir='ltr'><strong>primum</strong></span> <span class='ocrx_word' id='word_1_130' title='bbox 796 3026 873 3106; x_wconf 84' lang='lat' dir='ltr'><strong>duo,</strong></span> <span class='ocrx_word' id='word_1_131' title='bbox 893 3027 1006 3102; x_wconf 73' lang='lat' dir='ltr'><strong>cinus,</strong></span> <span class='ocrx_word' id='word_1_132' title='bbox 1028 3024 1167 3087; x_wconf 71' lang='lat' dir='ltr'><strong>solebant</strong></span> 
     </span>
     <span class='ocr_line' id='line_1_28' title="bbox 361 3108 1019 3173; baseline -0.003 -2"><span class='ocrx_word' id='word_1_133' title='bbox 361 3108 537 3172; x_wconf 79' lang='lat' dir='ltr'><strong>*Meciliur</strong></span> <span class='ocrx_word' id='word_1_134' title='bbox 557 3113 639 3173; x_wconf 86' lang='lat' dir='ltr'><strong>i&#39;octo</strong></span> <span class='ocrx_word' id='word_1_135' title='bbox 661 3111 787 3173; x_wconf 83' lang='lat' dir='ltr'><strong>consule</strong></span> <span class='ocrx_word' id='word_1_136' title='bbox 807 3130 887 3171; x_wconf 88' lang='lat' dir='ltr'><strong>nuuc</strong></span> <span class='ocrx_word' id='word_1_137' title='bbox 907 3113 1019 3171; x_wconf 86' lang='lat' dir='ltr'><strong>iterum</strong></span> 
     </span>
    </p>

    <p class='ocr_par' dir='ltr' id='par_1_16' title="bbox 318 3192 1142 3357">
     <span class='ocr_line' id='line_1_29' title="bbox 318 3192 1142 3273; baseline -0.007 -16"><span class='ocrx_word' id='word_1_138' title='bbox 318 3195 500 3257; x_wconf 81' lang='lat' dir='ltr'><strong>Monocruut</strong></span> <span class='ocrx_word' id='word_1_139' title='bbox 521 3194 599 3273; x_wconf 84' lang='lat' dir='ltr'><strong>duo,</strong></span> <span class='ocrx_word' id='word_1_140' title='bbox 620 3194 676 3257; x_wconf 82' lang='lat' dir='ltr'><strong>sed</strong></span> <span class='ocrx_word' id='word_1_141' title='bbox 698 3201 861 3256; x_wconf 82' lang='lat' dir='ltr'><strong>creverunt</strong></span> <span class='ocrx_word' id='word_1_142' title='bbox 881 3192 978 3255; x_wconf 84' lang='lat' dir='ltr'><strong>millio</strong></span> <span class='ocrx_word' id='word_1_143' title='bbox 997 3194 1029 3253; x_wconf 92' lang='lat' dir='ltr'><strong>iu</strong></span> <span class='ocrx_word' id='word_1_144' title='bbox 1050 3210 1142 3252; x_wconf 88' lang='lat' dir='ltr'><strong>uuum</strong></span> 
     </span>
     <span class='ocr_line' id='line_1_30' title="bbox 362 3276 993 3357; baseline -0.005 -20"><span class='ocrx_word' id='word_1_145' title='bbox 362 3277 496 3357; x_wconf 69' lang='lat' dir='ltr'><strong>Singula.</strong></span> <span class='ocrx_word' id='word_1_146' title='bbox 523 3279 687 3341; x_wconf 83' lang='lat' dir='ltr'><strong>iocundum</strong></span> <span class='ocrx_word' id='word_1_147' title='bbox 708 3298 812 3341; x_wconf 85' lang='lat' dir='ltr'><strong>semen</strong></span> <span class='ocrx_word' id='word_1_148' title='bbox 833 3276 993 3338; x_wconf 87' lang='lat' dir='ltr'><strong>oduiterio.</strong></span> 
     </span>
    </p>
   </div>
   <div class='ocr_carea' id='block_1_15' title="bbox 668 3470 788 3537">
    <p class='ocr_par' dir='ltr' id='par_1_17' title="bbox 668 3470 788 3537">
     <span class='ocr_line' id='line_1_31' title="bbox 668 3470 788 3537; baseline -0.025 0"><span class='ocrx_word' id='word_1_149' title='bbox 668 3470 788 3537; x_wconf 76' lang='lat' dir='ltr'>CXIV.</span> 
     </span>
    </p>
   </div>
   <div class='ocr_carea' id='block_1_16' title="bbox 319 3553 1101 3753">
    <p class='ocr_par' dir='ltr' id='par_1_18' title="bbox 319 3553 1101 3753">
     <span class='ocr_line' id='line_1_32' title="bbox 319 3553 1029 3651; baseline -0.007 -2"><span class='ocrx_word' id='word_1_150' title='bbox 319 3553 484 3651; x_wconf 71' lang='lat' dir='ltr'><strong>Firmanus</strong></span> <span class='ocrx_word' id='word_1_151' title='bbox 504 3588 584 3650; x_wconf 76' lang='lat' dir='ltr'><strong>snitu</strong></span> <span class='ocrx_word' id='word_1_152' title='bbox 603 3610 665 3651; x_wconf 85' lang='lat' dir='ltr'><strong>uon</strong></span> <span class='ocrx_word' id='word_1_153' title='bbox 685 3587 764 3651; x_wconf 79' lang='lat' dir='ltr'><strong>friso</strong></span> <span class='ocrx_word' id='word_1_154' title='bbox 785 3584 925 3649; x_wconf 75' lang='lat' dir='ltr'><strong>Mentula</strong></span> <span class='ocrx_word' id='word_1_155' title='bbox 946 3583 1029 3645; x_wconf 77' lang='lat' dir='ltr'><strong>divos</strong></span> 
     </span>
     <span class='ocr_line' id='line_1_33' title="bbox 362 3669 1101 3753; baseline -0.012 -17"><span class='ocrx_word' id='word_1_156' title='bbox 362 3674 492 3753; x_wconf 77' lang='lat' dir='ltr'><strong>Fertur,</strong></span> <span class='ocrx_word' id='word_1_157' title='bbox 514 3674 566 3753; x_wconf 89' lang='lat' dir='ltr'><strong>qui</strong></span> <span class='ocrx_word' id='word_1_158' title='bbox 587 3680 635 3735; x_wconf 89' lang='lat' dir='ltr'><strong>tot</strong></span> <span class='ocrx_word' id='word_1_159' title='bbox 653 3692 705 3735; x_wconf 85' lang='lat' dir='ltr'><strong>res</strong></span> <span class='ocrx_word' id='word_1_160' title='bbox 725 3675 758 3733; x_wconf 90' lang='lat' dir='ltr'><strong>in</strong></span> <span class='ocrx_word' id='word_1_161' title='bbox 779 3689 813 3732; x_wconf 84' lang='lat' dir='ltr'><strong>se</strong></span> <span class='ocrx_word' id='word_1_162' title='bbox 833 3671 928 3731; x_wconf 77' lang='lat' dir='ltr'><strong>hebet</strong></span> <span class='ocrx_word' id='word_1_163' title='bbox 947 3669 1101 3750; x_wconf 78' lang='lat' dir='ltr'><strong>egregios,</strong></span> 
     </span>
    </p>
   </div>
   <div class='ocr_carea' id='block_1_17' title="bbox 0 0 1368 4325">
    <p class='ocr_par' dir='ltr' id='par_1_19' title="bbox 0 0 1368 4325">
     <span class='ocr_line' id='line_1_34' title="bbox 0 0 1368 4325; baseline 0 0"><span class='ocrx_word' id='word_1_164' title='bbox 0 0 1368 4325; x_wconf 95' lang='lat' dir='ltr'><strong> </strong></span> 
     </span>
    </p>
   </div>
  </div>
 </body>
</html>
