2717 4325
449 444 594 507 'l'lBULLI
616 443 684 505 LIB.
701 445 751 506 lv.
766 456 793 510 4.
811 458 835 509 5.
852 457 877 511 6.

207 617 344 695 Cogitet,
365 621 398 676 et
416 616 533 676 frustra
554 613 682 675 credulo
700 614 793 675 turbo
812 612 909 675 cedet.

69 715 77 730 ’
168 702 307 779 Phoebe,
329 701 413 761 iure:
432 698 501 759 luuo
520 717 629 778 magne
648 700 708 760 tibi
730 699 887 760 tribuetur
907 699 940 758 iu
962 717 1023 759 uuo

206 785 348 865 Corpore
371 791 492 845 cerreto
514 785 689 844 restituisse
710 781 795 842 duos.

166 871 225 930 lum
248 867 391 946 celeber,
411 869 472 929 ium
492 866 593 929 luetur
614 869 693 946 erio,
713 887 781 929 cum
804 865 909 928 debito
931 865 1044 928 reddet

206 953 357 1014 certatim
378 953 493 1014 eunctis
510 951 612 1013 luetur
634 958 767 1030 uterque
788 952 875 1013 iocis.

166 1036 252 1097 'lunc
270 1044 303 1096 te
324 1034 449 1097 felicem
473 1035 557 1097 dicet
578 1036 629 1117 piu
650 1037 742 1096 turbe
763 1033 906 1115 deorum,

206 1121 364 1200 0ptobuut
385 1126 468 1193 urter
488 1127 521 1182 et
542 1121 602 1182 eibi
624 1121 755 1199 quicque
774 1126 851 1181 tuuc.

563 1247 770 1258 ——n-n-—n

647 1335 688 1400 V.

167 1421 229 1525 ilar
250 1458 325 1517 mur
347 1465 397 1536 te,
419 1457 587 1536 cernue,
611 1456 679 1518 ures
702 1455 806 1536 deut,
829 1459 880 1519 uro
902 1459 977 1518 mur
998 1466 1120 1519 rancus

205 1541 310 1621 Atque
328 1543 414 1602 iuter
434 1542 534 1602 festos
556 1559 681 1622 temper
702 1539 862 1602 habendus
884 1544 954 1602 erit.

165 1626 212 1685 'le
234 1633 382 1686 noscente
405 1645 515 1687 novum
535 1625 653 1687 Porcue
675 1626 819 1686 cecinere
840 1623 956 1706 puellis

206 1709 372 1772 Servitium
395 1717 428 1772 et
449 1708 604 1772 dederuut
625 1728 722 1789 regnu
743 1711 876 1790 ruperbu
897 1710 966 1770 tibi.

164 1793 246 1852 Uror
268 1812 325 1872 ego
348 1801 420 1855 oute
443 1793 534 1855 aliast
554 1796 639 1855 iuvat
658 1794 736 1872 hoc,
759 1794 927 1874 Geriuthe,
950 1792 1032 1873 quod
1051 1805 1168 1874 uror,5

207 1875 241 1936 Si
261 1877 320 1937 tibi
342 1876 383 1937 de
404 1879 494 1938 uobis
511 1884 633 1939 mutuus
652 1879 734 1956 iguis
754 1875 850 1939 adest.

163 1960 291 2020 Mutuus
313 1958 393 2020 adsit
415 1981 516 2038 emor,
536 1967 645 2040 perte
668 1957 846 2022 dulcissimo
865 1962 949 2022 furto

206 2043 330 2123 Perque
352 2050 422 2105 tuoe
442 2043 549 2105 oculos
570 2063 629 2124 per
647 2044 841 2124 Geniumque
863 2065 948 2125 rogo.

163 2127 257 2189 Mune
279 2127 375 2207 Geni,
399 2147 474 2210 cape
495 2135 566 2190 turo
586 2125 687 2189 libem
705 2128 845 2207 votirque
866 2129 985 2210 foveto,

206 2211 240 2272 Si
261 2211 370 2291 modo,
390 2232 459 2278 cum
482 2212 584 2273 deme
607 2214 739 2292 cogitet,
761 2210 818 2275 ille
841 2213 929 2277 colet.
1140 2227 1170 2277 10

164 2294 254 2373 Quod
275 2298 303 2357 oi
323 2298 407 2358 forte
429 2296 506 2358 ulios
526 2298 586 2358 ium
608 2316 690 2358 uuuc
713 2299 848 2378 suspiret
870 2317 1005 2376 umores,

207 2380 296 2441 Tunc
316 2400 429 2462 precor
451 2379 581 2460 inlidoo,
603 2387 727 2459 roucte,
748 2379 891 2463 relinque
912 2383 1009 2445 focos.

162 2466 228 2525 Nec
249 2470 286 2526 tu
307 2466 350 2526 uir
371 2466 502 2545 iniusto,
522 2465 644 2528 Venus:
666 2466 716 2526 vel
739 2466 852 2525 serviat
873 2484 971 2546 oeque

205 2548 336 2610 Vinctus
356 2555 490 2628 uterque
511 2550 587 2627 tibi,
608 2547 659 2609 rel
681 2566 750 2609 meo
767 2547 867 2609 vincla
888 2548 965 2611 leve.

163 2630 228 2693 Sed
248 2635 351 2711 potius
375 2631 476 2692 valido
496 2639 658 2693 teneamur
681 2637 815 2711 uterque
836 2639 960 2713 cotenu,
1137 2644 1169 2697 15

204 2715 295 2775 Nulla
316 2721 409 2794 queat
429 2716 559 2796 posthoc
581 2735 638 2776 nor
659 2714 791 2778 uoluisse
815 2716 892 2779 dies.

162 2799 266 2878 Optat
275 2797 357 2858 idem
378 2799 498 2860 iuveuiu
520 2798 603 2878 quod
622 2819 694 2880 nor,
718 2798 774 2861 red
794 2803 907 2862 tectius
929 2806 1027 2883 optut:

205 2881 280 2941 Num
302 2881 400 2961 pudet
419 2885 497 2945 hoec
516 2883 604 2945 illum
625 2882 732 2945 dicere
751 2886 845 2946 verbo
865 2884 975 2966 pulum.

165 2965 207 3023 At
226 2969 277 3044 tu,
299 2965 433 3045 Natalis,
456 2971 598 3048 quonium
622 2966 699 3029 (leus
721 2970 822 3029 omuio
843 2972 957 3050 eeutiu,

205 3048 330 3109 Aunue:
352 3051 427 3129 quid
447 3053 564 3130 refert,
588 3051 702 3113 clamve
725 3050 864 3132 palamve
884 3054 997 3133 roget?
1136 3063 1170 3115 20

638 3260 697 3325 VI.

162 3340 288 3435 Natulis
308 3374 400 3453 luuo,
421 3380 543 3435 tructos
567 3394 642 3456 cape
661 3375 739 3439 turio
761 3396 904 3455 acervos,

205 3458 289 3533 Quos
311 3459 370 3518 tibi
392 3456 445 3518 dut
465 3465 576 3519 tenero
594 3460 685 3521 docto
706 3459 812 3542 puello
833 3480 932 3522 mauu.

160 3541 245 3602 Tota
267 3542 325 3601 tibi
348 3549 396 3602 eut
418 3540 528 3622 hodie,
550 3544 608 3604 tibi
627 3564 662 3605 se
684 3543 853 3607 laetissimo
876 3544 1021 3624 compsit,

205 3626 312 3685 Staret
332 3632 366 3685 ut
388 3633 459 3686 aute
482 3634 551 3689 tuos
574 3628 793 3710 conspicienda
814 3630 911 3690 iocor.

159 3706 219 3769 lllu
240 3707 364 3785 quidem
385 3709 514 3771 oruunrii
538 3732 642 3774 causer
662 3714 742 3791 tibi,
764 3711 848 3788 divo,
871 3710 1013 3791 releqot:¹
1154 3723 1171 3773 o
