2717 4325
171 408 208 468 16
516 400 661 463 TlBULLl
680 403 747 465 ΗΒ.
765 403 787 463 Ι.
804 412 830 468 7.

168 571 272 650 Quaalis
295 577 345 652 et,
365 577 491 632 arentes
513 589 581 630 cum
601 569 693 630 dudit
712 571 812 633 Sirius
832 592 938 654 agros,

209 655 340 716 Fertilis
359 656 475 716 aestiva
496 653 583 714 Nilus
605 653 741 716 abundet
764 658 864 736 aqua?

167 740 237 801 Nile
255 746 361 820 pater,
383 758 512 820 quanam
533 739 649 818 possim
671 745 705 798 te
727 736 832 802 dicere
855 761 944 804 eausa

209 826 272 884 Ant
290 824 400 902 quibus
420 824 453 882 in
473 824 568 882 terris
591 821 763 884 occuluisse
785 826 898 904 eaput?

168 907 217 968 Te
238 915 367 989 propter
388 904 493 968 nullos
513 903 607 966 tellus
629 912 681 966 tna
702 906 839 987 postulat
859 910 991 990 imbres,

210 990 307 1053 Arida
327 1009 386 1052 nec
404 989 512 1051 Pluuio
535 988 689 1069 supplicat
708 991 807 1052 herba
826 993 898 1053 lovi.

168 1078 216 1136 'l'e
236 1076 319 1137 canit
338 1081 431 1154 atque
452 1093 539 1136 sunm
557 1075 655 1153 pubes
678 1075 806 1136 miratur
828 1076 941 1138 Osirim

210 1161 364 1239 Barbara,
385 1157 582 1238 Memphiten
602 1155 753 1237 plangere
776 1159 867 1220 docta
886 1162 1003 1224 bovem.

167 1245 287 1305 Primus
309 1250 410 1304 aratra
432 1261 520 1302 mann
543 1239 666 1302 sollerti
688 1243 765 1303 feeit
786 1243 884 1304 Osiris

209 1329 251 1388 Et
271 1335 411 1394 teneram
433 1328 519 1388 ferro
541 1323 721 1386 sollicitavit
742 1327 881 1406 humum,

168 1414 289 1473 Primus
309 1413 489 1492 inexpertae
512 1410 665 1470 commisit
686 1411 801 1470 semina
822 1418 926 1473 terrae

209 1497 365 1575 Pomaque
387 1515 449 1556 non
470 1495 553 1555 notls
573 1491 650 1572 legit
671 1495 708 1555 ab
729 1496 898 1556 arboribus.

169 1580 229 1640 llic
251 1579 356 1640 docuit
377 1585 516 1639 teneram
537 1575 616 1658 palis
638 1576 806 1656 adiungere
827 1581 936 1657 vitem,

210 1665 270 1724 Hic
291 1660 422 1723 viridem
444 1661 521 1722 dura
541 1660 673 1722 caedere
694 1661 775 1722 falce
799 1681 930 1724 comam:

169 1746 217 1807 llli
236 1744 386 1807 iucundos
406 1747 538 1827 primum
560 1752 678 1805 matura
700 1763 826 1825 sopores

210 1831 365 1910 Expressa
384 1828 510 1890 incultis
532 1849 589 1890 uva
610 1828 699 1890 dedit
719 1828 860 1910 pedibus.

169 1914 227 1975 llle
247 1913 351 1994 liquor
373 1913 479 1988 docuit
499 1933 590 1974 voces
612 1914 774 1974 inflectere
795 1920 901 1990 cantu,

209 1998 310 2060 Movit
330 2003 363 2058 et
383 1997 423 2058 ad
445 2004 548 2058 certos
569 1998 673 2057 nescia
694 1999 830 2058 membra
851 1995 975 2074 modos,
1035 2054 1039 2068 ,

169 2082 307 2160 Bacchus
328 2087 361 2142 et
383 2079 537 2163 agricolae
559 2101 668 2158 magno
692 2081 833 2142 coniecta
854 2078 962 2141 labore

210 2167 341 2227 Pectora
359 2168 507 2227 tristitiae
529 2164 728 2225 dissoluenda
752 2164 845 2226 dedit.

168 2251 305 2312 Bacchus
325 2257 358 2311 et
378 2252 503 2311 afflictis
524 2251 664 2328 requiem
686 2249 865 2310 mortalibus
889 2251 996 2329 affert,

211 2334 310 2394 Crura
331 2333 408 2395 licet
430 2334 507 2393 dura
529 2333 677 2415 compede
700 2331 789 2414 pulsa
809 2341 928 2394 sonent.

168 2419 237 2481 Non
256 2420 313 2481 tibi
333 2426 405 2481 snnt
424 2423 532 2481 tristes
553 2438 646 2479 curae
667 2438 727 2479 nec
747 2414 864 2497 luctus,
887 2418 984 2496 Osiri,

211 2504 275 2567 Sed
295 2507 408 2567 chorus
429 2512 462 2565 et
479 2510 585 2565 cantus
608 2510 640 2563 et
659 2502 738 2563 levis
760 2508 848 2582 aptus
870 2522 970 2582 amor,

170 2589 233 2651 Sed
252 2592 329 2650 varii
348 2591 442 2651 flores
464 2594 497 2649 et
517 2589 604 2649 frons
626 2586 771 2647 redimita
794 2588 963 2666 corymbis,

209 2675 291 2735 Fusa
313 2673 368 2735 sed
390 2672 429 2734 ad
449 2682 576 2734 teneros
594 2671 680 2732 lutea
701 2670 781 2751 palla
802 2670 899 2752 pedes

168 2760 210 2818 nt
231 2759 346 2837 Tyriae
367 2763 470 2818 vestes
493 2763 526 2817 et
546 2755 644 2815 duleis
667 2757 743 2816 tibia
763 2761 854 2815 cantu

210 2842 253 2903 nt
273 2840 351 2902 levis
373 2840 501 2902 occultis
521 2842 643 2900 conscia
664 2841 741 2900 cista
763 2839 867 2899 sacris.

169 2927 239 2987 Huc
259 2924 333 2986 ades
355 2923 394 2985 ad
414 2933 537 2986 centnm
558 2923 650 2985 ludos
672 2923 865 3002 Geniumque
888 2921 1010 2983 choreis

212 3009 405 3071 Concelebra
427 3017 460 3071 et
478 3008 575 3069 multo
598 3016 738 3089 tempora
760 3007 856 3067 funde
877 3026 978 3067 mero:
1141 3024 1175 3073 50

170 3093 256 3155 lllins
278 3100 311 3154 et
330 3093 429 3155 nitido
451 3093 574 3156 stillent
593 3098 750 3171 unguenta
770 3090 902 3172 capillo,

200 3177 252 3239 *Et
271 3181 372 3258 eapite
395 3185 427 3239 et
448 3177 529 3250 collo
552 3175 658 3238 mollia
681 3183 765 3237 serta
786 3182 882 3256 gerat.

171 3264 223 3324 Sic
244 3265 348 3325 venias
369 3261 536 3323 hodierne:
560 3263 618 3323 tibi
637 3261 706 3322 dem
729 3263 807 3322 turis
827 3262 978 3339 honores,

212 3348 288 3409 Liba
308 3355 341 3409 et
362 3348 526 3428 Mopsopio
549 3344 650 3407 dulcia
671 3344 766 3407 melle
788 3347 896 3409 feram.

171 3433 214 3492 At
233 3434 291 3493 tibi
312 3438 488 3493 succrescat
507 3429 625 3511 proles,
645 3449 723 3511 qnae
746 3431 827 3491 iacta
846 3433 985 3511 parentis
1140 3440 1174 3493 55

214 3517 334 3595 Augeat
356 3522 389 3577 et
410 3517 491 3577 cirea
512 3522 575 3577 stet
595 3514 768 3576 veneranda
789 3534 905 3577 senem.

171 3600 236 3659 Nec
259 3606 360 3662 taceat
380 3606 576 3661 monumenta
596 3600 682 3677 viae,
707 3614 794 3677 quem
818 3597 955 3661 Tuscula
975 3598 1071 3667 tellus

216 3682 416 3764 Candidaque
437 3686 561 3765 antiquo
582 3683 703 3744 detinet
724 3683 803 3745 Alba
825 3685 915 3745 Lare.
