2717 4325
375 452 567 517 GA'IUth
585 451 717 515 otuu.
733 461 777 517 93.
791 463 834 518 94.
847 461 891 518 95.
905 463 948 520 96.
963 464 1005 519 97.
1145 457 1186 520 69

279 622 378 702 *Quo
394 625 504 704 rtgno‘t
525 623 596 702 quia
609 629 680 683 aunt
695 623 822 684 totidem
837 641 918 684 meaa
935 622 1086 704 deprecor
1101 622 1186 685 illam

307 709 470 787 ‘Aaaidue‚
488 725 593 769 verum
611 705 784 786 diapoream
804 708 864 767 niai
881 726 957 769 amo.

630 901 757 967 XCIII.

279 991 336 1086 Nil
357 1025 481 1085 nimium
502 1022 628 1102 atudeo,
650 1024 779 1101 Caesar,
800 1023 857 1084 tibi
877 1023 958 1084 velle
980 1024 1120 1107 placere,

321 1110 386 1171 Nec
405 1110 486 1170 acire
506 1116 607 1168 utrum
629 1109 670 1168 aia
692 1107 777 1166 alhua
802 1126 839 1166 an
860 1114 927 1168 ater
946 1109 1048 1170 homo.

631 1301 753 1368 xciv.

283 1390 428 1487 Mentula
448 1427 634 1487 moechatur.
655 1425 832 1486 moechatur
853 1424 987 1486 mentula
1009 1432 1103 1488 certe.

320 1511 388 1572 Hoc
407 1517 471 1589 eat,
490 1510 572 1589 quod
590 1510 710 1588 dicunt,
732 1511 798 1591 ipra
820 1507 906 1570 olera
926 1509 988 1570 olia
1006 1507 1091 1590 legit.

636 1705 741 1772 XCV.

282 1796 414 1908 zmyrna
435 1829 495 1889 mei
516 1829 631 1889 Cinnae
652 1849 761 1889 nouam
781 1835 852 1910 post
872 1828 1004 1907 deniqne
1024 1847 1153 1891 messem

320 1914 415 1987 Quam
433 1920 541 1993 coepta
559 1919 607 1974 eat
623 1931 794 1992 nonamque
815 1912 898 1972 edIta
916 1919 987 1993 port
1003 1915 1151 1994 hiemem,

279 1995 382 2068 Millia
401 2017 469 2057 cum
490 1998 610 2056 Interea
631 1999 796 2076 quingenta
815 1997 999 2058 Hortensius
1019 2015 1079 2059 uno

242 2174 260 2226 5
280 2164 414 2244 Zmyrna
434 2184 519 2225 cavae
538 2164 677 2225 Satrachi
698 2164 820 2246 penitus
839 2166 978 2225 mittetur
998 2165 1036 2226 ad
1056 2167 1166 2246 undar,

321 2250 483 2328 Zmyrnam
504 2268 578 2309 cana
598 2248 651 2309 din
671 2247 793 2309 saecula
810 2246 1001 2330 pervoluent.

276 2333 320 2393 At
339 2332 446 2395 Voluai
465 2331 589 2393 annalea
610 2332 742 2393 Paduam
763 2333 932 2393 morientur
952 2331 990 2393 ad
1010 2333 1105 2413 ipram

316 2416 358 2477 m
375 2418 457 2478 lama
478 2418 625 2477 acombrIa
646 2435 739 2497 aaepe
761 2416 875 2477 dabunt
894 2418 1020 2478 tunicae.

276 2501 373 2561 Parva
393 2502 453 2561 mei
475 2501 549 2559 mihi
570 2500 632 2560 rint
652 2499 739 2560 cordi
760 2506 953 2560 monumenta
973 2496 1104 2580 aodalia,

224 2596 258 2647 10
318 2586 361 2646 At
378 2582 510 2666 populna
529 2582 645 2644 tumido
667 2584 797 2663 gaudeat
817 2584 1005 2644 Antimacho.

630 2779 753 2845 XCVI.

278 2867 318 2963 St
339 2904 498 2982 quicquam
516 2904 607 2962 mutto
628 2907 746 2980 gratnm
767 2905 961 2981 acceptumve
982 2900 1131 2981 sepulcris

253 2992 255 2996 ’
316 2985 469 3047 Accidere
490 2993 649 3064 ametro,
672 2984 781 3062 calve,
803 2982 912 3045 dolore
932 2989 1053 3065 puteat,

275 3070 342 3148 Quo
364 3069 520 3131 desiderio
536 3077 658 3129 veteres
678 3088 857 3129 renovamus
878 3086 996 3129 amore·

315 3155 417 3233 Atque
438 3152 511 3213 olim
532 3155 637 3213 miurus
656 3154 763 3213 flemus
785 3154 947 3230 amicitiae,

239 3248 256 3298 5
277 3237 372 3298 Certe
390 3256 452 3297 non
472 3242 557 3300 tauto
579 3256 661 3297 mora
683 3238 841 3296 immatura
862 3234 961 3295 dolori
980 3242 1027 3295 eat

317 3320 500 3401 Quintssiae‚
523 3327 666 3400 quantum
686 3319 798 3400 gaudet
815 3337 917 3380 umore
937 3325 1000 3378 tuo.

620 3515 758 3581 XCVII.

280 3603 351 3698 Non
370 3638 428 3717 (ita
448 3639 561 3700 medii
582 3638 698 3716 ament)
722 3639 881 3717 quicquam
901 3635 1023 3694 referre
1042 3636 1161 3715 putavi,

180 3779 183 3786 .
317 3722 426 3783 Utrum
447 3742 481 3784 oa
503 3742 541 3783 an
560 3721 660 3783 culum
681 3721 847 3781 olfacerem
867 3717 1008 3781 Aemilio.
