2717 4325
277 1009 556 1114 ALBII
625 927 1028 1113 uissuuul

482 1227 621 1291 LIBER
642 1226 821 1290 PRIMUS.

548 1409 758 1419 -ώ-

635 1559 662 1624 Ι.

155 1649 290 1742 Divitias
312 1677 388 1747 alius
410 1677 494 1738 fulvo
514 1678 574 1737 sibi
596 1682 745 1756 congerat
765 1697 838 1738 suro

193 1767 235 1826 ut
257 1769 364 1825 teneat
384 1760 460 1822 culti
482 1763 589 1840 iugera
610 1762 706 1823 multa
727 1760 802 1840 soli,

154 1854 250 1929 Quem
271 1846 361 1908 labor
383 1846 523 1907 assiduus
542 1847 643 1906 vicino
666 1853 786 1907 terreat
808 1847 915 1924 hoste,

194 1934 310 1996 Martia
331 1933 381 2013 out
401 1950 524 1992 somnos
547 1928 675 1990 classica
693 1929 782 2011 pulsa
803 1931 927 2008 fugent:

153 2020 207 2080 Me
229 2036 296 2077 mea
314 2022 480 2096 paupertas
499 2015 581 2074 vitae
601 2013 743 2074 traducat
764 2015 875 2091 inerti,
1141 2027 1159 2078 5

194 2103 273 2164 Dum
295 2118 381 2160 meus
403 2099 526 2159 assiduo
545 2096 650 2157 luceat
664 2096 742 2177 igue
764 2097 860 2156 focus.

152 2190 224 2270 Ipse
245 2206 346 2247 seram
366 2191 493 2245 teneras
515 2190 633 2243 maturo
654 2190 796 2263 tempore
818 2184 896 2241 vites

192 2271 339 2333 Rusticus
361 2276 395 2329 et
416 2268 500 2328 facili
519 2266 646 2347 grandia
667 2288 758 2348 poma
779 2286 884 2326 manu:

70 2409 71 2432 p
149 2358 218 2417 Neo
239 2374 310 2435 spes
331 2348 494 2429 destituat,
517 2350 573 2412 sed
594 2353 716 2433 frugum
740 2369 863 2430 semper
885 2368 1009 2410 acervos

193 2441 348 2499 Praebeat
368 2444 401 2497 et
421 2436 515 2517 pleno
537 2437 661 2516 pinguia
683 2442 782 2495 musta
802 2435 879 2494 lacu.
1128 2448 1159 2497 10

149 2526 229 2585 Nam
250 2540 401 2599 veneror,
423 2540 478 2580 seu
498 2522 594 2603 stipes
614 2520 710 2579 habet
731 2518 873 2607 desertus
894 2520 934 2577 iu
949 2520 1030 2597 agris

193 2608 259 2667 Seu
278 2613 366 2674 uetus
386 2608 418 2665 in
441 2605 532 2665 trivio
551 2605 648 2684 florea
671 2610 755 2662 serta
776 2602 872 2683 lupis:

148 2694 196 2772 Et
217 2688 423 2770 quodeunque
445 2687 522 2750 mihi
541 2684 663 2768 pomum
687 2707 782 2748 novus
807 2684 918 2747 educat
938 2705 1049 2763 annus,

196 2776 337 2835 Libatum
361 2772 516 2853 agricolae
538 2774 664 2853 ponitur
685 2779 757 2833 ante
779 2771 879 2831 deum.
965 2794 966 2797 ¹

150 2859 247 2921 Flava
266 2859 382 2935 Ceres,
403 2860 460 2919 tibi
483 2859 524 2917 sit
544 2865 651 2917 nostro
673 2856 714 2917 de
736 2876 809 2919 rure
833 2875 946 2915 corona
1128 2866 1159 2917 15

197 2932 323 3023 Spicea,
343 2962 420 3021 quae
442 2941 552 3022 templi
574 2939 710 3022 pendeat
732 2947 803 3001 ante
821 2941 921 3000 fores:

153 3028 357 3105 Pomosisque
379 3028 474 3087 ruber
498 3032 600 3086 eustos
621 3033 754 3105 ponatur
775 3028 807 3085 in
829 3026 945 3101 hortis,

198 3111 334 3171 Terreat
353 3118 388 3172 ut
409 3130 498 3170 saeva
519 3110 598 3169 falce
620 3110 750 3190 Priapus
772 3127 851 3169 aves.

155 3197 221 3259 Vos
245 3214 385 3274 quoque,
404 3194 507 3253 felicis
530 3192 682 3271 quondam
704 3213 785 3254 nuuc
806 3194 951 3273 pauperis
974 3193 1038 3271 agri

199 3278 368 3357 Custodes,
390 3278 482 3338 fertis
504 3284 768 3355 muneraremur,
791 3276 896 3337 Lares.
1125 3284 1161 3334 ιο
1189 3294 1190 3297 ’

156 3366 246 3425 Τιιιιο
269 3362 363 3423 vitula
386 3365 562 3422 innumeros
581 3360 735 3437 lustrabat
756 3380 844 3433 caesa
864 3362 1025 3421 iuvencos:

197 3448 286 3508 Nune
307 3467 383 3526 agna
402 3448 504 3526 exigui
525 3454 573 3508 est
592 3448 693 3507 hostia
714 3467 807 3527 parva
828 3444 903 3534 solix

155 3535 244 3612 Agna
266 3529 357 3592 cadet
378 3534 480 3609 vobis,
504 3545 591 3609 quam
615 3524 733 3591 circum
753 3533 867 3591 rustica
888 3532 985 3611 pubes

200 3614 322 3675 Clamet
341 3617 389 3675 ‘io
412 3634 528 3675 messes
547 3622 579 3674 et
601 3618 681 3676 bona
701 3616 770 3674 vina
790 3613 889 3673 date’.

157 3704 217 3762 lam
238 3699 328 3758 modo
351 3719 412 3759 non
436 3718 559 3779 possum
582 3705 745 3759 contentus
766 3699 870 3757 vivere
891 3714 984 3775 parvo
1128 3703 1162 3755 25

202 3804 345 3843 susumus.
936 3779 949 3836 i
