2717 4325
206 426 228 487 6

483 426 675 491 oswini
704 428 836 493 cluit.
860 440 887 497 i.
905 442 934 496 8.

311 590 419 654 Velles
439 592 563 673 dicere,
581 614 640 657 nee
661 602 767 659 tacere
787 618 904 679 posses.

309 677 427 740 Verum
447 680 551 741 neseio
573 679 648 757 quid
666 680 847 746 febriculosi
910 758 917 765 ι

268 770 285 822 5
307 759 412 822 Scorti
433 761 552 842 diligis:
573 764 634 825 hoe
653 762 752 844 puclet
770 765 874 829 lateri.

307 844 385 905 Nam
402 851 435 905 te
455 866 517 914 nnn
538 847 644 909 viduas
663 849 768 910 iseere
788 857 898 912 nnetes

308 927 518 1008 Nequieqnsm
537 933 663 993 tacitum
684 932 787 993 cubile
808 935 920 997 elsnrst

309 1009 410 1072 Sertis
431 1033 466 1074 sc
487 1010 577 1093 Sy'riu
597 1015 738 1094 fragrans
759 1016 857 1092 elisa,

309 1094 516 1176 Pulvinusqne
537 1116 694 1178 peraeque
716 1107 750 1162 et
770 1102 821 1163 lale
841 1113 876 1163 et
895 1102 951 1165 ille

254 1186 288 1239 10
307 1178 458 1257 Attritns‚
476 1180 664 1261 tremulique
685 1203 794 1263 quassa
813 1184 891 1249 leeti

309 1263 471 1341 Argutatio
490 1265 759 1347 inambulatisque.

290 1342 387 1406 *Nam
408 1348 441 1407 in
461 1349 521 1409 ists
541 1350 701 1429 praevalet
720 1351 800 1413 nihil
820 1361 935 1416 tacere.

310 1429 396 1490 (iuri
416 1450 478 1491 non
499 1439 561 1493 tam
581 1431 682 1495 latera
702 1436 840 1498 ecfututa
860 1437 992 1519 pandas,

307 1513 366 1573 Nei
384 1520 419 1574 tn
438 1514 514 1594 quid
533 1516 628 1577 iacias
649 1520 845 1599 ineptiarum.

253 1604 286 1656 15
307 1597 426 1675 Quare,
448 1599 594 1678 quiequid
614 1602 711 1665 habes
732 1604 806 1665 beni
826 1603 978 1684 malique,

307 1678 365 1740 Dic
385 1681 483 1741 nobis.
510 1682 580 1743 volo
601 1692 634 1747 te
655 1707 691 1747 ae
712 1692 782 1749 tues
801 1708 921 1751 amores

308 1760 358 1823 Ad
379 1762 497 1825 eaelum
516 1763 623 1847 lepislu
644 1789 756 1831 vocare
776 1790 877 1834 versu.

305 2018 307 2023 ,
665 1978 742 2043 VH.

308 2054 459 2171 Quaeris,
481 2103 556 2174 quot
576 2100 651 2159 milri
670 2101 856 2164 basiationes
928 2064 933 2073 Ι

308 2173 412 2253 Tuae,
434 2175 560 2259 Lesbia,
583 2183 646 2242 sint
665 2186 739 2245 satis
761 2204 928 2266 superque.

308 2258 405 2333 Quam
422 2279 548 2339 maguus
569 2283 714 2326 numerus
734 2267 881 2348 Libyssae
902 2289 1015 2333 arenae

306 2340 542 2423 laserpiciferis
563 2349 644 2408 iacet
663 2350 813 2428 Cyrenis,

270 2433 287 2486 5
309 2425 452 2489 0raelum
472 2429 549 2492 lovis
570 2433 654 2493 inter
674 2436 807 2494 aestuosi

305 2509 348 2568 Et
366 2511 449 2572 Batti
469 2516 584 2576 veteris
606 2535 725 2578 suerum
746 2518 936 2599 sepulerum,

304 2591 368 2651 Aut
388 2614 476 2673 qnam
494 2597 597 2660 sidera
616 2601 727 2681 multa,
750 2622 818 2662 cum
837 2609 921 2664 tacet
941 2623 1019 2684 nor,

304 2673 448 2736 Furtivus
469 2679 625 2743 hominnm
645 2683 753 2744 vident
774 2704 910 2766 amares,

306 2757 384 2819 Tam
404 2764 437 2820 te
457 2762 540 2822 basia
560 2763 656 2826 mults
675 2767 795 2826 basiare

251 2851 284 2902 10
304 2840 427 2903 Vesano
449 2845 522 2905 satis
544 2852 577 2906 et
598 2867 691 2928 super
712 2849 836 2911 catullo
856 2860 915 2932 est,

305 2926 390 3001 Quae
411 2945 470 2986 nee
491 2947 712 3008 pernumerare
733 2935 846 2994 euri⁰sl

303 3009 428 3070 Possint
450 3030 508 3072 nee
528 3012 609 3074 mala
628 3015 781 3077 fascinare
801 3016 917 3098 lingua.

652 3224 747 3291 VIH.

304 3303 407 3401 Miser
428 3340 564 3422 Catulle,
585 3343 707 3406 desinas
727 3349 880 3428 ineptire,

303 3423 345 3484 Et
366 3424 447 3503 quod
468 3425 554 3486 vides
574 3431 694 3509 perisse
714 3431 870 3510 perditum
893 3431 996 3494 duess.

301 3505 431 3566 Fulsere
454 3509 605 3586 qnondam
623 3514 745 3574 candidi
765 3517 824 3575 tibi
846 3515 946 3593 stole,

302 3588 378 3647 Cum
398 3592 569 3652 ventitabas
592 3614 650 3672 quo
672 3597 777 3675 puella
799 3597 930 3659 ducebat

268 3676 284 3726 5
307 3670 411 3730 Amata
431 3674 520 3734 nobis
542 3687 688 3754 quantum
708 3681 857 3740 amabitur
879 3681 972 3744 nulla.
