2717 4325
285 890 1008 1030 semicorrecti

477 1053 816 1135 ELEGllRUll

394 1198 589 1260 creua
636 1199 897 1262 coruus.

212 1369 235 1462 1
254 1365 395 1481 cynthia
405 1401 505 1480 prima
516 1402 579 1461 suis
590 1403 735 1462 miserum
746 1420 795 1461 me
808 1402 891 1482 cepit
902 1397 1021 1479 ocellis,

297 1484 481 1545 Contactum
491 1484 587 1545 nullis
598 1493 669 1546 ante
683 1484 887 1566 cupidinibus.

253 1569 334 1633 Tum
346 1569 421 1628 mihi
434 1571 603 1630 constantis
614 1569 731 1630 deiecit
740 1568 856 1629 lumina
867 1569 965 1628 fastus
1003 1583 1006 1592 “

293 1655 336 1716 Et
347 1658 439 1734 ceput
448 1653 592 1733 inpositis
602 1655 719 1734 pressit
728 1655 825 1714 Amor
836 1653 977 1733 pedibus,

213 1745 230 1798 5
251 1737 358 1798 Donec
368 1755 418 1796 me
431 1736 536 1798 docuit
546 1745 645 1799 castas
658 1738 762 1799 odisse
772 1735 892 1819 puellas
930 1770 934 1778 ·

294 1822 455 1900 lmprobus
466 1829 499 1880 et
509 1820 596 1882 nullo
607 1825 712 1884 vivere
724 1821 872 1897 consillo;

252 1903 295 1964 Et
305 1905 380 1962 milri
391 1905 451 1962 iam
462 1910 527 1964 toto
538 1906 627 1965 furor
637 1908 689 1966 lric
699 1925 762 1966 non
774 1905 880 1966 delicit
890 1923 979 1983 anno,

295 1987 373 2047 Cum
381 1992 486 2045 tamen
497 1986 641 2048 adversos
662 2009 757 2068 cogor
768 1990 885 2048 habere
897 1987 981 2049 deos.

253 2069 407 2132 Milanion
417 2067 518 2129 nullos
528 2071 687 2149 fugiendo,
700 2070 806 2148 Tulle,
815 2070 939 2131 labores

199 2166 235 2220 10
296 2154 461 2215 Saevitiam
472 2151 567 2215 durae
580 2153 720 2215 contudit
731 2153 856 2216 Iasidos.

252 2239 329 2300 Nam
340 2238 431 2299 modo
442 2238 621 2298 Partheniis
633 2257 737 2299 amens
749 2240 873 2299 errabat
882 2239 915 2297 in
928 2238 1034 2315 antris,

293 2324 361 2383 [bat
372 2328 405 2383 et
415 2324 550 2382 hirsuta
561 2321 617 2382 ille
628 2322 736 2384 videre
746 2324 841 2402 feras,

252 2405 309 2467 lllc
321 2408 414 2465 etiam
425 2405 538 2485 Hylaei
549 2426 715 2487 percussus
726 2404 855 2467 vulnere
866 2406 943 2466 rami

295 2491 423 2551 Saucius
434 2489 576 2549 Arcadiis
587 2492 715 2570 rupibus
727 2492 887 2570 ingemuit.

200 2583 233 2636 15
254 2574 339 2653 Ergo
351 2571 488 2633 velocem
499 2576 601 2653 potuit
613 2573 766 2635 domuisse
777 2573 928 2655 puellam:

297 2658 430 2718 Tantum
441 2659 474 2716 in
486 2676 590 2717 amore
601 2676 713 2737 precer
725 2666 758 2719 et
767 2659 931 2719 benefacta
940 2655 1052 2719 valent.

252 2743 287 2802 ln
297 2761 346 2803 me
357 2740 464 2801 tardus
475 2742 571 2801 Amor
580 2762 642 2801 non
653 2742 730 2803 ullas
744 2745 858 2821 cogitat
870 2747 952 2801 ortes

293 2826 359 2886 Nec
369 2827 509 2885 meminit
518 2833 617 2904 notas,
630 2833 664 2885 nt
674 2828 771 2906 prins,
783 2829 831 2887 ire
843 2828 915 2886 vias.

255 2911 370 2987 Atros,
382 2909 533 2969 deductae
545 2912 654 2990 quibus
669 2918 718 2970 est
727 2910 849 2971 fallacia
857 2910 949 2971 lunae

201 3004 237 3057 20
298 2994 339 3056 lit
348 2992 437 3053 labor
448 2995 480 3053 in
491 2996 617 3073 magicis
627 3013 715 3053 sacra
724 2997 812 3074 piare
823 2994 912 3071 focis,

253 3079 302 3139 lin
313 3075 441 3155 agedum
454 3076 595 3136 dominae
607 3084 743 3137 mentem
754 3080 926 3137 convertite
937 3082 1062 3138 nostrae

294 3162 337 3222 Et
346 3160 441 3219 facite
451 3158 508 3218 illa
518 3178 586 3219 meo
597 3157 715 3240 polleat
727 3179 781 3220 ore
793 3163 896 3239 magis.
922 3190 925 3197 ¹

124 3308 126 3312 ,
255 3244 344 3305 Tunc
356 3261 413 3321 ego
426 3242 613 3303 crediderim
623 3244 710 3303 vobis
723 3249 756 3302 et
766 3242 869 3303 sidera
880 3250 913 3303 et
923 3263 1027 3305 amnes

294 3329 391 3388 Posse
404 3326 551 3405 Gytainer
564 3325 678 3385 ducere
692 3328 886 3387 carminibus.

199 3423 235 3476 25
256 3414 394 3491 Antros,
406 3412 459 3491 qui
470 3429 541 3470 sero
551 3408 672 3490 lapsum
684 3412 846 3487 revocatis,
859 3411 959 3487 amici,

298 3497 445 3573 Quaerite
456 3514 517 3554 non
530 3496 595 3554 sani
605 3496 743 3575 pectoris
755 3494 874 3555 auxilia.

254 3582 396 3642 Fortiter
407 3585 440 3639 et
453 3579 570 3639 ferrum
583 3597 688 3640 saevos
700 3580 853 3660 potiemur
865 3584 898 3638 et
907 3578 1005 3657 ignes,

296 3666 344 3725 Sit
355 3662 446 3724 modo
456 3662 586 3724 libertas
599 3683 676 3744 quae
688 3662 765 3725 velit
774 3665 821 3723 ira
831 3661 928 3743 loqui.
959 3684 960 3689 ¹

253 3748 350 3810 Ferte
360 3766 419 3830 per
430 3754 583 3810 extremas
595 3755 705 3829 gentes
716 3754 748 3809 et
761 3747 844 3808 ferte
855 3764 913 3827 per
921 3744 1031 3826 nudas,
1102 3804 1106 3817 ,

195 3832 418 3895 ,Ριιιιιιιιι
904 3840 917 3891 l
