2717 4325
460 393 866 476 monuique.

228 613 254 706 7
270 611 1051 724 Dumtibicrimene.dicnntur‚1’ontice,Thebae

311 729 902 810 Armoquefraternuetrirtirmilitiue,

272 817 387 895 Atque,
398 817 442 876 itu
451 816 509 874 rim
520 813 607 892 felix,
617 815 718 894 primo
731 813 894 875 contendi·
904 813 1053 892 Homero,

314 898 486 979 Sintmodo
497 899 562 960 foto
571 898 633 960 tuis
644 896 750 960 mollio
760 898 955 970 corminibuo,
1078 925 1087 948 ι

235 991 253 1044 5
273 984 348 1061 Nos,
358 990 394 1044 ut
404 1001 598 1059 conruemur,
608 989 733 1042 nostros
746 983 893 1059 agitemur
905 1001 1025 1044 umores

312 1069 416 1147 Atque
427 1065 547 1146 aliquid
559 1065 666 1126 durum
678 1067 853 1144 quaerimur
863 1067 897 1125 in
909 1065 1079 1141 dominom3
1132 1129 1138 1138 ,

271 1150 337 1212 Nec
348 1157 467 1211 tuntum
476 1151 614 1229 ingenio,
625 1153 772 1227 quantum
782 1151 901 1210 servire
912 1148 1014 1213 dolori

314 1236 416 1314 Cogor
428 1241 462 1294 et
472 1234 582 1294 rotatis
592 1238 734 1311 temporo
745 1231 823 1293 duro
832 1235 932 1313 queri.

272 1318 333 1378 Hic
343 1318 599 1379 mihieonteritur
609 1316 691 1376 vitre
700 1316 821 1395 modun,
831 1317 909 1376 hoec
920 1335 989 1376 meo
999 1315 1146 1394 fomoert,

221 1411 256 1464 10
316 1403 398 1462 Hinc
409 1402 499 1481 cupio
509 1418 622 1462 nomen
633 1401 779 1461 carminis
789 1402 838 1460 irc
848 1401 919 1462 mei.

272 1485 328 1547 Me
338 1484 470 1546 laudent
481 1484 591 1546 doctoe
601 1482 700 1544 nolum
711 1481 864 1564 placuisse
875 1482 1008 1564 puellae,

313 1570 456 1646 Pontice,
467 1574 501 1629 et
510 1570 640 1630 iniuntur
652 1587 745 1648 crepe
756 1567 868 1628 tuliore
879 1569 992 1628 minor:

272 1654 328 1716 Me
338 1651 426 1732 legat
436 1651 559 1714 occidue
569 1659 642 1732 port
653 1653 732 1713 hoec
742 1651 905 1732 neglectos
918 1659 1044 1729 ornator,

312 1738 354 1798 Et
367 1738 489 1816 prosint
498 1734 548 1797 illi
558 1738 682 1815 cognito
691 1743 799 1798 nostru
809 1735 896 1797 molo.

221 1828 255 1879 15
276 1819 325 1880 Tc
337 1839 460 1899 quoquc
472 1822 499 1881 oi
510 1828 597 1880 certo
607 1839 687 1900 puer
699 1821 751 1881 hic
764 1820 956 1882 concusserit
966 1839 1050 1898 arcu,

316 1903 406 1979 Quod
418 1902 514 1964 nolim
525 1909 648 1963 nortroo
659 1903 809 1966 orioluere
822 1903 908 1982 deor,

272 1985 381 2064 Longe
392 1991 494 2046 contro
503 1987 572 2063 tibi,
582 1985 676 2064 longe
687 1989 781 2046 mirer
793 1989 912 2065 agmine
923 1993 1044 2067 reptem

314 2067 424 2130 Flebis
434 2071 468 2129 in
480 2075 607 2130 aeterno
622 2069 714 2128 turdo
724 2071 828 2130 iecere
840 2073 912 2147 ritu,

271 2153 314 2217 Iit
323 2154 443 2215 iruotro
453 2155 559 2233 cupies
569 2150 695 2214 mollem
707 2173 893 2235 componere
904 2172 1037 2231 versum,

215 2249 253 2301 20
312 2238 379 2299 Nec
388 2239 447 2299 tibi
458 2239 591 2299 subiciet
601 2240 736 2300 curmino
746 2256 834 2299 seruo
845 2240 951 2300 Am0r.

275 2321 355 2382 Tum
366 2342 415 2383 me
426 2342 490 2383 non
500 2320 649 2383 humilem
659 2323 813 2383 mirabere
825 2340 919 2403 coepe
930 2326 1064 2401 poetam,

316 2406 406 2467 Tunc
417 2425 475 2485 ego
486 2406 631 2467 Romanis
641 2406 804 2486 praeferor
815 2407 959 2486 ingeniis,

273 2489 340 2550 Nec
350 2496 500 2569 poterunt
509 2492 636 2550 iuvenco
647 2495 755 2550 nostro
766 2492 902 2552 reticere
914 2486 1058 2571 repulcro

317 2574 460 2634 ‘Ardoris
470 2574 571 2634 nostri
581 2592 690 2651 mogne
701 2580 794 2653 poeto
805 2577 911 2635 incer?

216 2665 252 2720 25
276 2657 325 2718 Tu
336 2675 409 2717 core
419 2664 527 2718 nostro
537 2664 591 2718 tuo
602 2663 781 2717 contemnas
793 2658 927 2719 corminu
937 2659 1035 2719 foetur

315 2742 417 2821 Saepe
427 2742 513 2801 venit
522 2759 630 2818 mugno
641 2742 753 2801 fenore
764 2742 870 2803 turdus
881 2743 986 2805 Amor.

232 2872 260 2966 8
275 2873 369 2970 Tune
377 2909 474 2988 igitur
484 2907 623 2988 demens,
634 2918 737 2971 necte
748 2931 817 2972 mco
828 2910 1071 2972 curumorutur‘i

314 2994 364 3053 An
374 2994 434 3053 tibi
444 3013 511 3053 oum
522 2992 626 3073 gelido
636 2994 730 3055 vilior
741 2994 856 3075 Illyrio,

273 3078 317 3139 Et
329 3078 388 3137 tihi
398 3078 459 3137 ium
469 3080 559 3154 tenti,
571 3080 756 3158 quicumque
768 3086 827 3157 ert,
838 3082 898 3139 inte
909 3078 1043 3155 videtur,

315 3161 359 3221 Ut
370 3160 438 3219 uine
448 3180 498 3221 mc
510 3167 602 3222 vento
615 3160 757 3242 quolibet
767 3164 815 3222 ire
825 3161 927 3222 velis?

237 3254 254 3307 5
276 3244 367 3304 Tune
378 3242 487 3305 audire
498 3251 588 3326 potes
599 3248 704 3305 veroni
715 3264 870 3305 murmuro
880 3248 969 3325 ponti

314 3328 421 3388 Fortis
432 3336 466 3389 et
475 3331 509 3389 in
520 3328 597 3388 duro
607 3348 685 3389 nore
695 3330 799 3390 iacere
809 3328 923 3409 poten?

276 3413 325 3472 Tu
335 3411 467 3491 pedibus
478 3414 597 3473 teneris
607 3415 724 3493 positor
734 3412 847 3473 fulcire
858 3413 995 3493 pruinae,

316 3496 367 3555 Tu
377 3503 468 3575 poter
477 3494 631 3575 incolitur,
643 3499 788 3577 Cynthia,
798 3498 886 3557 ferre
895 3495 1006 3556 niver?

276 3580 430 3641 0utinom
440 3581 590 3641 hibernae
602 3581 801 3662 duplicentur
813 3589 954 3662 temporo
962 3581 1100 3657 brumae,

218 3673 253 3726 10
313 3664 355 3726 Et
366 3665 408 3725 uit
420 3666 506 3725 inere
518 3665 616 3727 turdis
627 3668 729 3727 novitu
739 3666 899 3745 Vergiliio,
