2717 4325
185 430 223 489 12
530 425 675 488 TlllULLI
697 424 764 485 llll,
780 424 803 486 l.
819 434 845 487 5.

182 596 283 676 Saepe
303 615 362 675 ego
383 597 501 656 tentavi
521 613 610 676 curas
630 592 792 676 depellere
813 595 901 655 vino:

224 681 266 740 At
288 679 379 741 dolor
400 681 432 739 in
453 678 597 740 lacrimas
619 684 759 740 uerterat
780 697 870 740 omne
891 695 1018 737 merum.

182 764 282 845 Saepe
306 763 396 824 aliam
416 765 518 824 tenuit
541 762 680 824 sedium
702 782 769 823 cum
791 761 900 842 gaudia
921 761 1054 842 adirem,

224 847 393 910 Admonuit
415 847 556 909 dominae
579 846 780 927 deseruitque
798 847 914 909 Venus.
1153 858 1189 912 40

181 933 271 993 Tunc
292 951 341 993 me
363 931 528 992 discedens
546 931 691 992 devotum
711 931 827 991 femina
848 929 941 1008 dixit,
1145 931 1147 936 '

222 1018 264 1077 Et
284 1016 383 1098 pudet
404 1022 438 1077 et
455 1023 562 1077 narrat
580 1017 662 1076 scire
683 1013 817 1076 nefande
836 1032 944 1075 meam.

180 1100 249 1161 Non
270 1101 427 1163 fecithoc
448 1103 569 1179 verbis,
589 1100 671 1161 facie
692 1101 873 1177 tenerisque
888 1096 1016 1159 lacertis

223 1186 361 1246 Devovet
383 1190 417 1245 et
438 1186 525 1245 ilaris
545 1189 653 1245 nostra
673 1181 779 1263 puello
800 1184 924 1243 eomin-

180 1266 269 1328 'l'ulis
290 1269 329 1329 ad
349 1269 555 1329 Haemonium
575 1268 687 1329 Nereis
707 1266 805 1329 Pelea
827 1264 979 1346 quondam
1154 1281 1188 1334 45

221 1353 321 1415 Vecta
343 1359 392 1413 est
412 1353 555 1416 iraenato
579 1351 703 1412 caerula
723 1353 811 1433 pisce
833 1351 955 1411 Thetis.

179 1437 266 1497 Haec
287 1456 425 1498 nocuere
447 1438 540 1516 mihi,
563 1437 646 1516 quod
667 1435 756 1496 adest
777 1437 850 1496 huic
871 1435 957 1496 dives
979 1441 1109 1498 amator:

221 1521 318 1584 Venit
338 1522 373 1581 in
393 1523 520 1582 exitium
543 1519 656 1582 callida
676 1518 749 1582 lena
770 1539 880 1582 meum.

181 1604 370 1682 Sanguineas
395 1605 469 1665 edat
487 1603 544 1667 illa
565 1604 660 1686 dapes
683 1611 775 1684 atque
798 1623 854 1666 ore
874 1611 1004 1665 cruento

223 1689 343 1749 Tristia
366 1709 435 1750 cmn
456 1689 552 1749 multo
572 1688 684 1770 pocula
705 1689 782 1749 felle
802 1690 904 1750 bibet:
1152 1700 1186 1753 50

179 1773 268 1832 Hanc
290 1771 422 1834 volitent
442 1775 560 1834 animae
583 1775 698 1833 circum
716 1793 769 1833 sua
790 1773 854 1834 lata
876 1779 1045 1853 querentes

223 1856 371 1937 Semper,
394 1864 428 1918 et
446 1876 465 1917 e
484 1859 578 1917 tectis
599 1859 676 1918 strix
697 1856 834 1919 violente
857 1863 960 1918 canat:

179 1941 247 2021 lpse
264 1941 346 2001 fame
369 1940 548 2003 stimulante
569 1941 678 2002 furens
700 1942 876 2021 herbasque
898 1939 1051 2022 sepulcris

222 2025 358 2101 Quaerat
379 2033 412 2086 et
433 2048 451 2086 a
469 2027 567 2086 saevis
589 2045 658 2085 osse
675 2026 788 2086 relicte
809 2024 906 2106 lupis,

183 2109 297 2170 Currat
317 2115 351 2170 et
372 2110 548 2190 inguinibus
569 2108 660 2171 nudis
681 2108 842 2191 ululetque
861 2129 919 2191 per
939 2110 1050 2187 urbes,
1152 2123 1185 2174 55

224 2195 300 2254 Post
322 2200 392 2273 agat
414 2214 432 2255 e
451 2195 552 2254 triviis
574 2213 684 2275 aspera
705 2196 796 2256 turba
818 2214 936 2255 cunum.
1145 2260 1147 2264 Α

179 2279 349 2338 Evenient:
372 2277 425 2338 dat
443 2280 530 2357 signa
552 2277 645 2337 dena:
666 2285 740 2339 sunt
760 2280 884 2339 numine
907 2282 1036 2357 emanti,

222 2362 327 2422 Saevit
349 2368 382 2422 et
402 2363 517 2422 iniusta
537 2361 611 2441 lege
630 2362 743 2423 relicta
762 2362 878 2426 Venus.

178 2448 221 2505 At
241 2452 275 2505 tu
296 2465 386 2526 quam
406 2448 537 2526 primum
558 2464 649 2524 sagae
669 2454 838 2528 praecepte
859 2448 978 2527 rapacis

221 2531 357 2591 Desere:
379 2550 449 2590 nem
472 2530 561 2591 donis
581 2531 717 2592 vincitur
738 2534 837 2592 omnis
859 2551 952 2593 amor.
1152 2543 1186 2595 60

180 2614 303 2694 Pauper
323 2615 384 2675 erit
403 2620 549 2696 praesto,
571 2616 630 2675 tibi
650 2622 776 2697 praesto
798 2633 917 2697 pauper
939 2613 1036 2676 adibit

220 2698 342 2758 Primus
364 2705 398 2758 et
417 2700 450 2758 in
469 2706 580 2759 tenero
602 2700 681 2761 fixus
702 2702 765 2761 erit
784 2699 902 2777 latere,

179 2782 301 2861 Pauper
321 2783 355 2841 ln
377 2790 504 2860 angusto
523 2781 603 2841 lidus
625 2803 729 2845 comes
752 2785 871 2864 agmine
891 2785 1001 2844 turbae

222 2865 436 2945 Subiicletque
459 2884 565 2926 manus
587 2867 768 2948 efficietque
789 2871 884 2947 vium,

178 2949 301 3028 Pauper
323 2948 361 3009 ad
383 2948 522 3011 occultos
543 2951 651 3013 furtim
674 2952 809 3015 deducet
831 2955 943 3013 amicos
1149 2961 1184 3015 65

219 3032 393 3113 Vinclaque
413 3031 453 3093 de
472 3035 563 3094 niveo
586 3032 734 3098 detrahet
754 3040 822 3118 ipse
844 3035 934 3118 pede.

176 3116 248 3176 lleu
270 3118 404 3177 canimus
424 3118 557 3196 frustra,
580 3137 641 3179 nec
658 3122 762 3183 verbis
782 3124 862 3183 victe
882 3120 1016 3202 patescit

218 3200 334 3280 lenus,
357 3200 413 3262 sed
435 3200 529 3283 plena
550 3208 600 3264 eat
620 3205 825 3285 percutienda
845 3224 944 3266 manu.

176 3285 219 3345 At
239 3291 290 3363 tu,
313 3286 365 3365 qui
384 3288 489 3368 potior
510 3306 591 3348 nuuc
614 3307 664 3367 es,
687 3309 756 3350 mea
777 3292 841 3351 fate
861 3291 987 3351 timeto:

222 3370 374 3431 Versatur
394 3368 494 3431 celeri
514 3370 595 3433 Fors
614 3372 694 3433 levis
718 3377 794 3435 orbe
813 3381 909 3435 rotae.
1150 3382 1185 3437 to

175 3452 245 3513 Non
266 3454 385 3515 frustra
407 3453 530 3535 quidam
549 3458 610 3523 iam
631 3478 712 3519 nunc
733 3460 766 3519 in
785 3458 892 3518 limine
914 3462 1035 3538 perstat
1089 3530 1090 3533 Ἴ

219 3536 354 3599 Sedulus
374 3560 409 3599 ac
432 3541 543 3600 crebro
564 3544 717 3623 prospicit
739 3564 773 3604 ae
792 3543 924 3621 refugit,

175 3620 218 3680 Et
240 3622 365 3684 simulet
385 3626 520 3684 transire
543 3623 684 3705 domum,
706 3646 775 3688 mox
797 3626 911 3688 deinde
933 3625 1070 3688 recurrit

219 3704 312 3765 Solus
329 3713 363 3767 et
383 3715 455 3769 aute
475 3710 558 3789 ipsus
580 3717 707 3772 excreat
728 3730 825 3790 usque
846 3712 943 3771 fores.
