2717 4325
409 416 601 483 onnunnl
620 416 755 481 cinit
774 424 877 483 nte.
892 426 937 483 79.
1122 414 1164 481 05

190 606 231 657 20
295 590 416 670 EripIte
435 590 514 649 huuc
534 593 652 669 pentem
671 586 902 668 perniciemque
921 583 1027 662 mihi),

252 674 317 735 Hei
337 674 412 735 mihi
432 690 599 753 rcrrcpenc
617 671 697 741 imur
717 676 753 731 ut
773 677 881 751 torpor
900 670 934 731 in
955 676 1039 729 urtuc

295 756 420 837 Expulit
441 774 479 816 ex
499 756 581 817 omni
600 760 729 837 pectore
748 752 890 815 lcetitiuu.

252 842 325 903 Nun
343 842 404 901 ium
423 838 502 901 illud
524 858 656 919 quaero,
678 844 786 898 contre
805 843 840 899 ut
861 856 910 898 me
932 834 1040 915 (lingat
1059 834 1130 914 1112,

297 926 376 1004 Aut,
397 923 478 1003 quud
499 942 561 984 non
581 924 662 1005 potis
684 930 749 997 eut,
771 940 838 983 ecre
858 920 970 1001 pudice
989 917 1080 981 velit:

192 1022 233 1075 ²⁵
255 1011 324 1155 ¹⁹⁸6
344 1003 998 1171 iif'sseiiie‘ir“r‘{{”“pr¹i⁰iieiii⁰i⁶e‘i
1016 1006 1163 1066 mm·

584 1309 758 1375 LXXVII.

256 1401 345 1494 Rufe
366 1430 440 1493 mun
460 1431 576 1493 fruetur
596 1449 630 1491 uc
651 1430 853 1509 nequicquam
874 1427 993 1490 credite
1012 1432 1107 1493 umico

300 1514 459 1594 (Fruutrci
480 1516 571 1577 inrmo
591 1532 700 1593 magno
722 1532 789 1573 cum
809 1514 911 1594 pretio
932 1520 1024 1593 etque
1044 1515 1151 1596 mulo),

258 1600 379 1662 Siccine
398 1599 551 1681 cubreprti
573 1599 649 1677 mei,
671 1605 763 1677 etque
783 1598 929 1657 iutertinu
949 1616 1099 1677 perurens

299 1684 350 1746 stc
371 1684 483 1743 mirere
504 1684 645 1765 eripuisti
667 1680 787 1743 omnini
805 1688 912 1742 nostre
931 1683 1012 1743 bunc

81 1766 84 1793 '
218 1780 236 1834 5
259 1768 426 1848 Eripuirti‚
446 1767 507 1827 heu
527 1768 589 1828 heu
609 1773 735 1827 ncrtrre
755 1764 882 1827 crudele
902 1784 1053 1829 vencnum

81 1852 83 1863 ’
298 1852 406 1929 VItec,
427 1851 489 1911 heu
509 1851 571 1911 hen
590 1856 715 1911 ncctrue
735 1851 832 1930 pentir
853 1851 1013 1912 urnicitice.

258 1934 321 1997 Sed
339 1936 420 1996 nunc
439 1933 473 1995 id
493 1932 601 2013 doleo,
623 1932 706 2014 quod
726 1951 822 2014 purue
841 1952 919 2013 puru
939 1933 1062 2015 puellae

298 2020 385 2081 Suvic
404 2019 569 2079 conminxit
587 2036 698 2098 spurce
716 2016 809 2078 culice
828 2023 888 2079 tua.

257 2104 372 2168 Verum
393 2102 426 2164 id
446 2120 508 2163 nun
528 2104 651 2182 Impune
671 2101 771 2163 feren:
797 2118 866 2159 nrm
889 2108 922 2161 te
945 2102 1045 2164 omniu
1065 2102 1164 2165 neclu

188 2201 226 2254 10
295 2189 446 2266 Ncrcent,
467 2193 501 2248 ct
521 2188 572 2266 qui
593 2187 635 2248 siu
655 2186 735 2247 iumu
753 2185 897 2264 loquetur
916 2205 999 2247 unus.

571 2409 763 2474 LXXVIII.

258 2495 366 2592 Gallu·
380 2529 473 2592 hebet
486 2530 615 2607 fratrer,
630 2549 758 2610 quorum
772 2539 821 2590 eut
833 2527 1022 2612 lepidissime
1035 2533 1164 2592 coniunx

296 2615 449 2692 Alterius,
470 2611 591 2694 lepidus
611 2613 693 2676 filiun
714 2611 850 2676 ulterius.

258 2697 364 2766 (icilur
383 2699 473 2760 horno
495 2703 543 2759 ert
561 2697 678 2762 bellus:
699 2718 768 2759 num
789 2697 895 2759 dulces
915 2699 1014 2778 iungit
1034 2719 1163 2777 umores,

299 2783 375 2844 Cum
396 2800 492 2862 puero
514 2791 549 2843 ut
568 2783 652 2844 bello
674 2782 756 2844 bellu
775 2780 880 2863 puelle
900 2783 999 2844 cubet

218 2877 238 2929 5
259 2866 366 2928 Gullur
386 2867 477 2928 homo
498 2874 546 2928 ert
561 2867 671 2928 stultus
691 2886 750 2928 uec
770 2885 806 2928 re
820 2864 905 2926 videt
926 2883 993 2926 eune
1011 2869 1162 2945 maritum,

298 2951 358 3029 Qui
378 2956 503 3031 patruus
522 2953 624 3032 putrui
642 2956 793 3013 monstret
810 2947 1004 3013 adulterium.

592 3171 752 3238 LXXIX.

123 3357 128 3370 ,
256 3259 389 3354 Lesbius
407 3300 455 3355 ert
474 3293 619 3376 pulcher:
640 3294 714 3374 quid
733 3294 787 3355 nii
806 3312 897 3374 quem
914 3294 1026 3356 Lerbir
1042 3292 1129 3354 rnulit

298 3376 447 3454 Quanto
467 3399 534 3440 cum
555 3387 619 3440 totu
639 3387 747 3459 gente,
770 3377 906 3457 Catulle,
927 3385 987 3438 tur.

258 3458 321 3521 Sed
339 3469 440 3524 tumen
460 3464 512 3523 hic
532 3463 661 3545 pulcher
675 3462 787 3525 vendut
803 3482 870 3523 cunr
887 3468 980 3541 gente
999 3459 1161 3537 catullum,

298 3543 333 3606 Si
353 3547 414 3608 tric
433 3555 573 3618 ueterum
593 3549 694 3610 ruuvic
713 3547 898 3630 reppererIt.

236 3757 415 3823 Onucnncs.
940 3759 959 3817 5
