2717 4325
527 345 673 408 l'lBULLl
694 347 762 408 LlB.
779 347 814 410 ll.
833 362 858 414 5.

103 574 104 593 ξ
230 517 340 578 Omine
363 535 423 594 quo
444 513 521 575 felix
543 521 576 576 et
596 534 683 576 socer
707 535 802 575 onnus
825 518 894 577 erit.

188 602 303 662 Laurus
324 600 376 659 ubi
399 600 479 660 bono
501 599 586 676 signu
608 597 712 677 dedit,
736 599 868 677 gaudete
891 600 1008 662 colunt:

229 682 394 744 Distendet
416 683 509 762 spicis
528 684 641 744 borres
662 681 755 763 plenu
779 683 892 760 Ceres,

188 768 309 830 Oblitus
332 773 364 826 et
384 771 484 826 musto
503 766 599 827 feriet
620 765 701 846 pede
723 768 857 828 rusticus
878 787 965 846 uvas,
1156 777 1190 831 85

229 848 320 911 Dolis
341 847 411 910 dum
433 851 534 929 magni
556 849 763 930 deficiantque
783 848 878 910 locus.
1228 851 1230 856 '

187 937 233 996 Ac
253 932 391 994 medidus
410 934 531 993 Bnccho
554 953 607 994 sua
627 933 708 994 festa
730 931 841 994 Palilia
862 939 969 1014 postor

229 1019 395 1079 (loncinett
418 1016 581 1078 ostobulis
602 1024 676 1079 tunc
695 1016 805 1098 procul
828 1025 894 1077 este
916 1015 991 1097 lupi.

187 1101 242 1164 ille
262 1101 339 1162 levis
359 1099 490 1182 stipulae
511 1099 658 1161 solemnis
679 1107 771 1180 potus
792 1119 918 1161 acervos

228 1184 404 1263 Ascendet,
424 1187 559 1244 flammas
577 1183 795 1262 transilietque
819 1202 931 1257 sacrus,
1156 1194 1191 1250 90
1223 1227 1227 1232 .

91 1332 92 1335 ,
188 1270 229 1329 ut
249 1269 332 1330 fetus
352 1275 491 1328 matrona
513 1268 613 1345 dubit,
635 1275 785 1344 natusque
806 1270 929 1348 parenti

231 1352 344 1413 Oscula
365 1354 555 1433 comprensis
576 1352 701 1411 curibus
724 1352 853 1431 eripiet,
971 1359 976 1368 '

188 1435 252 1496 Nec
268 1436 408 1496 tsedeblt
429 1455 513 1496 ovum
534 1455 628 1515 purvo
650 1433 815 1513 advigilare
836 1434 945 1513 nepoti

230 1513 384 1599 bulbsqne
406 1538 473 1578 cunr
495 1537 592 1599 puero
612 1517 719 1579 dicere
741 1520 835 1579 verbo
859 1534 973 1578 senem.

188 1603 280 1663 Tunc*
298 1610 424 1684 operatu
447 1602 506 1663 deo
528 1604 626 1682 pubes
648 1602 822 1662 discumbet
842 1603 873 1660 in
896 1601 1008 1676 herbo,
1158 1609 1190 1663 95

231 1688 362 1748 Arboris
384 1689 527 1767 untiquse
550 1686 707 1767 qualevis
729 1688 836 1745 umbro
858 1683 958 1761 cudit,

189 1770 251 1829 Aut
273 1790 290 1828 e
311 1777 397 1831 veste
420 1792 474 1831 suu
492 1771 623 1831 tendent
644 1768 821 1831 umbraculo
840 1769 933 1829 sertis

231 1851 359 1929 Vincta,
382 1860 544 1914 coronatus
565 1855 658 1913 stobit
681 1860 713 1913 et
734 1860 805 1912 ante
827 1850 914 1912 culix.

189 1937 231 1995 At
250 1935 309 1994 sibi
331 1936 460 2014 quisque
485 1934 579 2014 dspes
601 1943 634 1994 et
654 1936 751 1996 festus
774 1941 897 1996 extruet
918 1932 980 1994 ulte

232 2017 408 2097 Cespitibus
427 2037 547 2078 mensus
569 2020 799 2098 cespitibusque
822 2025 932 2078 torum.
1144 2025 1192 2077 100

188 2102 313 2180 Ingeret
334 2103 385 2161 bic
406 2109 497 2184 potus
518 2102 637 2163 iuvenis
657 2101 822 2161 maledictu
844 2099 983 2183 puellae,

230 2186 305 2247 Post
328 2185 418 2247 modo
441 2206 518 2267 quoe
538 2187 617 2247 votis
638 2187 728 2246 irritu
749 2186 830 2246 foetu
851 2186 944 2246 velit:

188 2270 263 2329 Nsm
284 2270 369 2331 ferus
392 2268 447 2331 ille
469 2289 541 2331 suae
563 2268 700 2351 plorabit
721 2271 843 2330 sobrius
864 2269 947 2330 idem

229 2354 271 2412 Et
291 2372 325 2413 se
346 2356 462 2415 iurabit
482 2359 586 2414 mente
608 2355 704 2414 fuisse
728 2352 814 2412 mulo.

187 2436 267 2496 Pace
287 2443 338 2497 tua
359 2444 492 2518 percunt
513 2457 600 2497 arcus
619 2443 812 2517 pereuntque
833 2438 977 2515 sagittae,
1142 2448 1189 2497 105

228 2520 372 2600 Phoebe,
393 2520 484 2582 modo
505 2523 537 2581 in
558 2522 653 2581 terris
674 2528 762 2581 erret
783 2522 909 2581 inermis
931 2522 1034 2581 Amor.

186 2605 247 2662 Ars
269 2605 363 2662 bons:
386 2604 441 2662 sed
462 2612 624 2681 postquem
645 2606 776 2681 sumpsit
797 2606 854 2663 sibi
878 2603 940 2663 tela
964 2600 1099 2681 Cupido,

228 2685 297 2745 Heu
319 2686 380 2745 beu
401 2705 490 2764 quam
511 2685 614 2745 multis
636 2705 687 2747 srs
710 2686 797 2747 dedit
817 2685 872 2747 illa
894 2686 1021 2747 mulum!

185 2770 226 2829 nt
246 2770 321 2828 mihi
339 2771 514 2850 praecipue.
537 2770 623 2829 luceo
646 2790 714 2831 cum
737 2773 856 2831 saucius
878 2790 987 2831 annum

227 2853 267 2912 Et
284 2853 371 2913 foveo
393 2854 516 2932 morbo,
540 2872 607 2912 cum
629 2855 712 2914 iuvst
733 2857 800 2934 ipse
822 2850 929 2931 dolor,
1139 2862 1188 2915 110
1268 2882 1269 2910 ι

185 2936 290 3015 Usque
314 2955 388 2997 cano
410 2937 584 3015 Nemesim,
606 2939 673 2997 sine
697 2958 755 3017 quu
773 2957 879 2998 versus
902 2937 979 2996 mihi
1000 2934 1103 2996 nullus

227 3020 330 3082 Verbo
343 3022 457 3101 'potest
478 3024 574 3082 iustos
597 3028 648 3081 out
671 3023 812 3101 reperire
834 3020 939 3101 pedes.

184 3104 226 3162 At
246 3110 280 3163 tu
302 3104 387 3183 (nam
409 3104 509 3164 divum
532 3111 634 3163 servat
655 3104 752 3165 tutela
773 3106 917 3185 poetas),

226 3185 432 3265 Pruemoneo,
455 3189 515 3248 voti
536 3206 646 3267 poree,
669 3187 791 3269 puello,
812 3208 916 3265 sucro,

183 3271 227 3332 Ut
247 3271 446 3331 Messalinum
468 3269 642 3348 celebrem,
665 3291 731 3331 cum
753 3274 889 3351 praemio
911 3271 987 3331 belli
1143 3278 1189 3328 115

156 3375 158 3382 ·
225 3356 308 3415 Ante
328 3375 398 3415 suos
416 3374 524 3415 currus
546 3355 659 3436 oppidu
679 3358 760 3415 victo
780 3356 879 3433 feret,
1259 3362 1261 3379 “

182 3439 253 3519 lpse
276 3458 387 3518 gerens
408 3439 529 3500 luuros:
551 3439 637 3499 lauro
660 3438 819 3500 devinctus
841 3440 956 3519 agresti

225 3520 320 3583 Miles
338 3524 404 3581 ‘io'
426 3540 532 3603 magns
555 3541 629 3584 voce
652 3525 842 3604 ‘triumphe'
867 3531 965 3583 canet.

184 3604 265 3667 'l'um
286 3607 423 3668 Messulu
442 3628 528 3669 meus
550 3610 600 3689 pis
628 3607 682 3668 det
703 3607 877 3689 spectacula
900 3608 1009 3667 turbse

227 3710 359 3750 nsumus.
956 3690 973 3751 3
