2717 4325
148 207 187 268 22
479 207 624 268 l'lBUldd
644 207 712 267 LlB.
731 207 754 267 Ι.
772 217 815 270 10.

189 378 330 439 Haesura
350 381 382 438 in
404 383 512 437 nostro
533 375 597 437 tela
619 378 702 456 gerit
721 376 832 437 latere.

148 461 211 523 Sed
229 463 323 544 patrii
346 468 466 522 servate
488 461 601 521 Lares:
623 459 743 522 aluistis
764 467 797 521 et
817 457 918 536 idem,

190 548 355 608 Cursarem
376 553 497 608 vestros
521 565 587 606 cnm
609 551 701 607 tener
722 552 794 606 onte
814 542 922 624 pedes.

147 630 216 692 Neu
236 629 352 712 pudeat
372 633 476 712 priseo
498 649 552 690 vos
574 648 643 690 esse
665 650 683 690 e
706 631 815 710 stipite
837 629 950 688 iactos:

191 716 242 776 Sic
261 717 377 777 veteris
398 714 490 776 sedes
511 713 686 776 incoluistis
707 716 762 774 avi.

148 798 237 860 Tunc
256 798 366 861 melina
387 806 519 860 tenuere
541 797 650 878 fldem,
672 819 740 859 cnm
762 816 898 879 paupere
921 794 1005 858 cnltn

190 884 299 945 Stabat
318 886 351 944 in
371 885 479 963 exigna
498 883 618 962 ligneus
641 882 718 944 aede
742 881 827 943 dens.

148 968 208 1028 Hic
230 967 369 1048 placatus
391 975 474 1046 erat,
497 987 552 1028 seu
572 970 639 1046 qnia
661 967 814 1029 libaverat
835 986 939 1045 uvam,

191 1053 253 1112 Seu
276 1052 406 1113 dederat
427 1059 551 1113 sanctae
574 1053 678 1133 spicea
700 1061 783 1114 serta
803 1071 924 1112 comae:

149 1139 252 1216 Atque
275 1136 386 1215 aliquia
408 1139 473 1197 voti
496 1157 621 1216 compos
640 1136 705 1198 liba
727 1139 795 1218 ipse
817 1137 942 1197 ferebat

190 1220 327 1299 Postque
350 1239 453 1281 comes
474 1241 584 1302 purum
604 1221 670 1283 iilia
690 1241 784 1302 parva
802 1221 912 1283 iavnm.

149 1308 191 1366 At
210 1308 299 1366 nobis
321 1312 442 1384 aerata,
462 1305 576 1384 Lares,
600 1304 752 1387 depellite
771 1303 851 1384 tela,

191 1390 362 1469 Hostiaque
383 1409 400 1450 e
420 1387 513 1471 plena
534 1392 649 1451 rustica
669 1411 783 1472 porcus
803 1391 886 1450 hara.

152 1475 236 1534 Hanc
257 1494 335 1554 pura
356 1495 424 1535 cnm
446 1482 533 1535 veste
554 1494 666 1554 sequar
688 1484 851 1554 myrtoque
874 1477 1006 1536 canistra

191 1559 303 1620 Vincta
325 1577 446 1638 geram,
469 1565 570 1638 myrto
591 1561 712 1620 vinctus
736 1568 768 1619 et
789 1561 856 1640 ipse
878 1567 977 1641 capnt.

150 1643 201 1702 Sic
222 1641 361 1722 placeam
380 1644 483 1703 vobis:
507 1642 584 1703 alins
606 1645 647 1703 sit
665 1644 757 1704 fortis
778 1644 810 1704 in
834 1646 942 1722 armis,

193 1727 320 1786 Sternat
340 1733 374 1787 et
394 1725 538 1786 adversos
561 1727 664 1788 Marte
687 1728 810 1788 favente
832 1727 943 1807 duces,

149 1811 192 1871 Ut
213 1811 290 1870 mihi
310 1811 430 1891 potanti
451 1812 549 1890 possit
568 1831 621 1872 sna
644 1796 751 1872 dicere
772 1814 854 1873 facta
909 1803 911 1808 ¹

191 1893 287 1957 Miles
309 1901 342 1955 et
362 1896 394 1955 in
415 1913 520 1956 mensa
539 1897 669 1976 pingere
692 1905 792 1959 castra
811 1918 907 1959 mero.

152 1980 227 2054 Quis
249 1979 338 2039 furor
360 1986 409 2040 eat
430 1987 525 2040 atram
547 1979 642 2041 bellis
664 2002 828 2044 accersere
850 1982 1003 2044 mortem?

194 2064 336 2124 imminet
356 2071 389 2124 et
410 2066 504 2124 tacito
527 2063 605 2124 clam
628 2069 715 2127 venit
735 2067 791 2128 illa
810 2067 901 2148 pede.

150 2147 219 2208 Non
241 2167 331 2228 seges
353 2154 401 2209 est
419 2149 517 2226 inira,
539 2169 601 2209 non
622 2151 712 2211 vinea
732 2150 830 2229 culta,
853 2150 908 2211 sed
931 2147 1027 2210 andan
1142 2160 1150 2172 '

194 2233 351 2294 Cerberus
373 2238 407 2293 ei
428 2233 553 2312 Stygiae
573 2235 675 2294 navita
698 2236 798 2315 turpis
821 2253 930 2314 aquae:

150 2316 216 2379 lllic
237 2319 455 2397 percussisque
476 2318 564 2395 genis
585 2324 717 2397 ustoque
742 2317 857 2399 capillo

192 2403 287 2462 Errat
309 2400 347 2461 ad
369 2404 517 2461 obscuros
538 2400 654 2481 pallida
672 2405 766 2463 turba
787 2402 881 2463 lacus

151 2486 248 2563 Quam
269 2487 371 2566 potius
392 2483 563 2546 landandus
585 2487 638 2547 hic
660 2495 724 2566 est,
747 2506 837 2568 quem
856 2486 946 2567 prole
966 2496 1072 2568 parata

194 2570 333 2651 Occupat
353 2572 385 2629 in
407 2591 500 2651 parva
520 2572 608 2651 pigra
630 2580 755 2632 senecta
778 2572 860 2633 casa!

152 2654 220 2735 lpse
241 2674 310 2714 snas
332 2661 470 2725 sectatur
490 2674 578 2733 oves,
600 2655 735 2716 attilius
758 2676 868 2735 agnos,

194 2739 236 2799 Et
257 2735 388 2798 calidam
409 2740 492 2799 fesso
516 2746 664 2819 conparat
680 2760 757 2799 uxor
779 2760 896 2819 aquam.

153 2822 205 2882 Sic
227 2840 284 2901 ego
307 2824 381 2903 sim,
400 2821 557 2903 liceatque
581 2830 672 2904 capnt
695 2823 883 2885 candescere
906 2825 1004 2900 carris,

195 2906 360 2988 Temporis
382 2915 415 2968 et
435 2908 530 2987 prisci
552 2909 633 2968 iacta
654 2909 778 2968 referre
801 2927 916 2969 senem.

151 2991 274 3052 interea
295 2993 358 3053 Pax
379 3012 451 3052 arva
472 2992 561 3052 colat.
583 2993 646 3052 Pax
668 2991 799 3053 candida
820 2994 950 3073 primum

194 3076 287 3136 Duxit
309 3083 448 3136 araturos
471 3077 526 3136 snb
548 3077 618 3155 iuga
640 3075 742 3157 panda
762 3080 874 3155 boves,

152 3160 215 3220 Par
235 3160 310 3221 aluit
329 3163 408 3221 vites
431 3167 464 3221 et
486 3180 593 3220 succos
616 3160 757 3223 condidit
779 3182 871 3243 uvae,

193 3244 355 3305 Funderet
375 3252 410 3305 nt
431 3252 502 3304 nato
524 3250 605 3305 testa
624 3253 755 3327 paterna
776 3268 909 3311 merum:

150 3327 232 3389 Pace
255 3328 365 3390 bidens
385 3348 553 3408 vomerque
574 3332 695 3410 vigent,
719 3340 750 3393 at
769 3335 872 3393 tristia
892 3332 962 3391 duri

193 3413 306 3475 Militis
328 3414 359 3473 in
382 3414 522 3483 tenebris
545 3423 675 3496 occupat
697 3436 780 3476 arma
802 3418 895 3494 situs,

151 3496 294 3558 Rusticus
317 3516 334 3557 e
355 3495 490 3577 lucoque
511 3499 613 3577 vehit,
635 3499 716 3562 male
740 3501 860 3563 sobrius
883 3502 969 3581 ipse,
