2717 4325
501 298 646 359 TlBULLl
666 298 735 358 ΗΒ.
752 298 787 358 ll.
803 309 830 360 3.
1135 298 1175 359 27
1294 323 1295 364 ι

171 469 198 528 0
218 420 292 546 ego,
315 486 383 526 cnm
405 467 575 546 aspicerem
594 463 764 548 dominam,
786 489 875 549 quam
893 469 1020 530 fortiter
1040 467 1105 532 illic
1159 479 1176 532 5

214 552 380 614 Versorem
403 548 505 610 valido
525 550 639 629 pingue
660 551 789 613 bidente
809 553 907 614 solum

170 632 399 715 Agricolaeque
424 630 514 693 modo
537 652 661 693 curvum
679 642 819 696 sectarer
841 643 993 714 aratrum,

212 720 291 779 Dum
311 719 457 796 subigunt
480 715 604 778 steriles
623 739 695 779 arva
716 721 849 781 serenda
870 721 980 782 boves!

170 802 237 864 Nec
260 819 430 881 quererer,
453 800 536 880 quod
557 800 605 861 soi
627 802 759 881 graciles
781 811 1049 882 ermembertus,

211 885 370 947 Laederet
390 891 423 945 et
445 891 569 945 teneras
588 886 712 966 pustula
732 896 823 968 rupta
841 907 955 949 manus.
1142 895 1176 950 10

145 972 257 1035 ‚Parit
278 978 312 1031 et
331 969 455 1030 Admeti
475 976 579 1030 tauros
601 970 755 1032 formosus
775 969 905 1053 Apollo,

210 1054 275 1114 Nec
297 1055 415 1114 cithara
435 1055 577 1114 intonsae
597 1054 822 1135 profueruntue
843 1076 965 1136 comae,

167 1140 233 1200 Nec
254 1134 357 1219 potuit
380 1157 469 1199 curas
491 1156 601 1198 sanare
622 1136 797 1200 salubribus
818 1142 941 1201 herbis:

211 1220 366 1300 Quicquid
389 1226 457 1282 erat
477 1219 616 1282 medicae
635 1223 754 1283 vicerat
775 1227 851 1286 artis
875 1245 967 1284 amor.

169 1307 239 1386 lpse
262 1304 339 1366 deus
359 1303 470 1366 solitus
488 1305 617 1366 stabulis
639 1304 801 1387 expellere
821 1327 925 1382 vaccar

167 1472 209 1534 Et
231 1474 366 1533 miscere
386 1491 464 1533 novo
488 1470 630 1534 docuisse
649 1472 777 1551 coagula
797 1472 895 1552 lacte,

210 1554 366 1617 *Lacteus
388 1565 422 1617 et
442 1558 553 1618 mistus
576 1558 748 1636 obriguisse
767 1557 890 1639 liquor:

167 1641 247 1701 Tum
269 1638 391 1702 fiscella
410 1638 477 1702 levi
497 1641 621 1702 detexta
643 1648 693 1702 est
714 1643 827 1704 vimine
849 1644 948 1722 iunci,
1142 1651 1174 1705 15

207 1726 351 1804 Raraque
372 1745 430 1805 per
451 1745 547 1786 nesus
570 1731 619 1786 est
639 1726 688 1786 ria
709 1727 791 1788 facta
812 1747 893 1790 sero.

64 1874 65 1883 χ
167 1811 193 1869 0
217 1811 360 1887 quotiens
379 1808 435 1868 ilio
457 1809 587 1871 situlum
609 1814 751 1890 gestante
771 1830 829 1892 per
851 1831 941 1891 agros

208 1892 331 1952 Dicitur
353 1911 519 1954 occurrens
540 1895 700 1954 erubuisse
722 1897 828 1955 soror!
882 1912 886 1924 ⁴

171 1975 198 2035 0
224 1976 368 2053 quotiens
390 1995 498 2054 ausae,
521 1984 648 2037 caneret
667 1976 740 2039 dum
761 1978 843 2039 valle
865 1981 920 2039 sub
944 1979 1020 2056 alta,

206 2059 363 2139 Rumpere
384 2061 502 2138 mugitu
524 2061 658 2120 carmina
679 2061 771 2122 docta
792 2064 902 2123 boves!
1141 2071 1175 2123 ιο

165 2142 266 2224 Saepe
290 2141 385 2204 duces
408 2141 541 2225 trepidis
562 2145 686 2225 patiere
709 2145 833 2209 oracula
854 2147 964 2223 rebus,

207 2228 304 2289 Venit
325 2234 358 2290 et
380 2249 397 2288 a
416 2228 543 2309 templis
564 2230 656 2289 irrita
675 2231 768 2309 turba
790 2229 929 2293 domum:

165 2313 266 2393 Saepe
288 2314 421 2373 horrere
443 2332 548 2373 sacros
566 2310 665 2372 doluit
686 2314 803 2375 Latona
825 2313 968 2396 capillos,

159 2421 162 2427 ·
208 2399 291 2475 Quos
314 2394 463 2455 admirata
485 2403 534 2456 est
554 2399 621 2476 ipsa
641 2416 774 2458 noverca
795 2400 891 2479 prius.

166 2482 314 2559 Quisquis
334 2482 573 2559 inornatumque
593 2486 685 2560 capnt
706 2483 871 2563 crinesque
894 2482 1011 2543 solutos
1140 2488 1172 2541 25

206 2566 390 2644 Aspiceret‚
410 2564 531 2624 Phoebi
553 2571 720 2644 quaereret
741 2564 796 2627 ille
820 2586 945 2627 comam.

164 2648 260 2709 Delos
281 2649 335 2708 ubi
354 2666 453 2724 nnnc,
477 2648 620 2725 Phoebe,
642 2655 695 2709 tua
717 2657 781 2730 est,
801 2652 854 2711 ubi
875 2650 1027 2731 Delphica
1047 2648 1172 2728 Pytho?

206 2733 323 2811 Nempe
344 2751 429 2791 amor
450 2734 482 2790 in
501 2751 593 2812 parva
614 2738 648 2792 te
668 2735 757 2795 iubet
778 2755 846 2797 esse
867 2754 943 2795 casa.

162 2815 287 2878 Felices
307 2812 399 2894 olim,
421 2816 541 2877 Veneri
563 2836 631 2877 cnm
649 2817 753 2878 fertur
775 2826 883 2901 aperte

207 2900 333 2961 Sersire
356 2907 500 2961 aeternos
521 2920 584 2961 non
605 2900 752 2981 puduisse
774 2902 868 2965 deos
1137 2908 1171 2961 30

166 2984 285 3045 Fabula
307 3003 389 3044 nnnc
409 2983 467 3044 iile
489 2991 553 3046 ests
578 2986 635 3045 sed
656 2989 706 3047 cni
728 3008 781 3048 rua
803 3009 876 3049 cura
894 2986 1000 3068 puelia
1021 2992 1085 3062 est,

208 3065 328 3128 Fabula
350 3069 391 3128 sit
413 3068 528 3129 mavult
550 3090 640 3149 quam
661 3071 728 3131 sine
751 3092 855 3133 amore
878 3071 963 3132 dens.

163 3155 205 3214 At
226 3160 277 3231 tu,
299 3153 437 3231 quisquis
459 3155 486 3213 is
509 3172 559 3232 es,
581 3156 630 3214 cni
647 3156 731 3215 tristi
753 3157 858 3217 fronte
882 3153 1001 3235 Cupido

206 3237 341 3317 imperat
363 3243 398 3296 ut
418 3243 525 3297 nostra
546 3240 609 3359 sint
630 3245 683 3299 tua
706 3247 805 3360 castpa
828 3239 934 3317 domo,

161 3408 281 3467 Ferrea
302 3427 364 3467 non
384 3406 551 3484 Venerem,
572 3406 628 3468 sed
649 3367 806 3488 praedam,
829 3408 952 3470 saecula
971 3402 1113 3467 laudant:
1134 3410 1168 3466 ot

205 3490 326 3551 Praeda
342 3497 445 3551 tamen
465 3490 569 3553 multis
590 3499 638 3553 est
661 3501 788 3573 operata
809 3493 906 3556 malis.

161 3573 283 3635 Praeda
303 3575 387 3635 ferar
412 3576 494 3635 acies
516 3578 612 3637 cinxit
634 3575 829 3641 discordibus
851 3580 959 3639 armis:
