2717 4325
386 437 579 502 GATULLI
600 438 734 501 cliiii.
753 450 797 503 aa.
812 451 854 505 aaz
871 452 916 506 54.
1109 446 1149 511 27

301 611 361 689 Qui
381 606 492 669 sedena
512 605 657 667 adversus
678 606 849 669 identidem
869 618 903 671 te

398 693 525 773 Spectat
544 697 577 751 et
596 691 681 753 audit

263 791 279 841 5
301 776 398 838 Dulce
419 774 591 853 ridentem,
612 776 726 837 miaero
748 774 832 855 quod
854 781 953 839 omnia

299 862 403 939 Eripit
423 878 529 920 aaenau
551 859 640 919 mihi:
655 879 731 919 'nam
750 858 841 921 aimul
862 867 910 940 te,

299 944 427 1022 LeabIa,
448 944 569 1024 aspexi,
589 942 669 1003 uihiI
691 951 741 1005 eat
760 963 854 1025 super
872 948 914 1007 mi

303 1111 420 1190 Lingua
442 1109 498 1170 aed
518 1116 641 1191 torpet,
662 1113 764 1171 tequa
783 1114 838 1172 auh
862 1118 945 1173 artua

248 1206 280 1258 10
299 1194 437 1255 Flamma
459 1192 618 1273 demauat,
640 1196 742 1255 sonitu
762 1200 872 1275 tuopte
958 1254 965 1267 ,

304 1278 467 1338 Tintinant
486 1297 592 1355 aurea,
614 1280 734 1362 gemiua
754 1284 901 1357 teguntur

397 1362 524 1422 Lumina
545 1368 647 1421 noete.

559 1446 575 1479 ¹i
719 1442 736 1479 *

638 1490 654 1526 a

304 1542 423 1621 Otium,
443 1540 585 1621 Catulle,
607 1544 664 1603 tihi
686 1541 848 1605 molestum
871 1549 936 1603 eat:

303 1625 375 1686 Otia
398 1624 515 1689 exultas
536 1628 723 1707 nimiumque
745 1628 849 1705 gestie.

252 1720 283 1771 15
305 1710 409 1773 Otium
430 1717 464 1771 et
483 1730 574 1790 aegea
595 1712 681 1791 priua
703 1717 735 1771 et
757 1711 862 1772 heatae

397 1793 541 1855 Perdidit
559 1797 661 1856 urbes.

546 1918 744 1933 ..ιι-ηιι-

613 1974 688 2037 LII.

303 2060 390 2165 lluid
411 2099 475 2172 eat,
498 2091 642 2153 Catulle?
662 2090 736 2173 quid
757 2096 886 2154 moraris
907 2096 1027 2156 amorii

305 2177 389 2238 Sella
409 2179 442 2237 iu
463 2176 562 2238 curuli
584 2177 706 2238 Struma
726 2177 842 2249 Nauius
864 2179 974 2255 aedet,

303 2261 366 2322 l'er
389 2261 577 2322 cumulatum
599 2261 721 2340 peierat
742 2260 900 2323 Vatiniuaz

304 2343 386 2421 Quid
407 2352 470 2423 eat,
492 2343 636 2406 Catulle?
659 2343 733 2422 quid
753 2347 884 2406 moraria
905 2344 1026 2406 emarii

603 2524 696 2588 LIII.

303 2611 379 2706 llisi
397 2645 502 2705 neseio
524 2663 614 2724 quem
634 2643 724 2703 modo
748 2662 766 2703 e
788 2663 918 2725 corona,

304 2731 378 2808 Qui,
400 2748 467 2789 cum
489 2729 619 2789 miriiice
640 2727 803 2789 Vatiuiana

304 2814 395 2874 Meua
417 2814 544 2874 erImiua
567 2811 676 2874 Calvus
699 2811 899 2893 explicasset,

303 2898 467 2958 Admiraua
489 2899 532 2957 ait
552 2897 628 2957 haec
649 2915 819 2976 mauuaque
838 2895 968 2976 tollens,

267 2993 283 3044 5
305 2982 373 3044 ‘liii
393 2981 510 3061 magui,
530 2979 711 3062 salaputium
736 2980 920 3040 disertumi'

606 3161 695 3226 LIV.
851 3173 855 3179 '

305 3248 444 3343 ilthonis
467 3287 558 3362 eaput
580 3280 693 3362 oppido
716 3286 764 3342 eat
785 3279 930 3362 pusillum
988 3357 991 3361 1

284 3532 347 3594 *Et
366 3535 412 3594 eri
431 3535 549 3592 rustice
572 3530 732 3590 semilauta
750 3549 858 3608 crura,

309 3616 429 3680 SubtiIe
451 3621 483 3676 et
502 3614 572 3674 leve
592 3613 732 3694 peditum
752 3614 888 3672 Libonis.
