2717 4325
224 447 248 513 2
523 443 886 507 Pnounnull

255 624 292 678 30
353 613 420 692 Qui
430 633 493 674 nou
502 611 566 673 ulla
574 630 676 674 meum
686 613 802 674 femina
811 615 897 674 norit
905 615 978 674 iter.

308 699 375 762 Vos
385 704 556 773 remanete,
569 697 679 776 quibus
690 695 775 757 facili
787 696 864 757 deus
876 699 983 759 annuit
993 720 1078 781 aure,

352 783 427 842 Sitis
438 787 471 841 et
482 782 516 840 in
526 786 594 840 tuto
609 798 733 860 semper
744 799 847 841 amore
858 800 961 861 pares.

308 868 343 927 ln
354 884 403 926 me
414 864 634 927 uostraVeuus
645 871 754 925 noctes
765 860 893 926 exercet
903 885 1031 946 amarus,

347 951 391 1012 nt
401 945 488 1010 nullo
498 966 610 1008 vacuus
621 954 763 1028 tempore
776 947 852 1008 defit
862 969 957 1014 amor.

253 1044 288 1098 35
309 1034 390 1111 Hoo,
402 1052 524 1110 moneo,
535 1033 630 1092 vitate
640 1031 768 1092 malum:
791 1052 845 1092 sua
857 1050 1009 1113 quemque
1020 1043 1163 1098 moretur

349 1119 442 1195 Cura,
454 1133 557 1197 neque
567 1123 691 1176 assueto
702 1123 801 1176 mutet
813 1136 918 1177 amore
927 1115 1039 1181 locum.

246 1246 257 1262 ,
308 1199 435 1280 Quodsi
447 1202 515 1280 quis
526 1201 651 1260 monitis
662 1197 766 1264 tardas
780 1199 951 1260 adverterit
961 1219 1061 1282 sures,

347 1285 419 1346 Heu
429 1285 551 1345 referet
562 1289 676 1364 quanto
688 1285 782 1343 verba
792 1281 902 1344 dolore
914 1286 995 1345 mea!

263 1419 292 1511 2
308 1417 396 1521 llud
406 1455 489 1513 iuvat
499 1460 609 1512 ornato
619 1451 805 1532 procedere,
816 1453 889 1527 vita,
902 1450 1014 1532 capillo

346 1537 511 1598 notenses
522 1537 684 1596 Converte
696 1553 820 1596 movere
832 1536 940 1596 sinus?

306 1621 370 1682 Aut
382 1618 457 1698 quid
467 1619 607 1680 Orontea
617 1621 720 1680 erinon
730 1617 921 1699 perfundere
933 1637 1046 1698 murra,

348 1702 459 1782 Teque
470 1704 647 1782 peregrinis
657 1702 794 1763 vendere
805 1704 995 1780 muneribus,

268 1795 285 1846 5
305 1785 503 1865 Naturaeque
516 1785 611 1847 decus
623 1793 758 1846 mercato
770 1785 905 1865 perdere
918 1785 1004 1846 cultu

345 1869 412 1930 Neo
422 1871 717 1950 sinereinpropriis
727 1870 864 1930 membra
873 1871 976 1930 nitere
987 1872 1100 1931 bonis?

306 1952 410 2014 Crede
423 1954 508 2033 mihi,
519 1973 582 2015 uon
593 1951 657 2014 ulla
666 1960 739 2015 tuae
749 1959 799 2014 est
807 1952 962 2014 medicina
971 1955 1104 2033 figurae:

346 2037 453 2098 Nudus
463 2039 560 2098 Amor
569 2037 688 2098 formae
700 2057 762 2098 non
773 2043 854 2097 amat
862 2038 1021 2099 artificem.

304 2123 418 2202 Aspice
430 2141 507 2202 quos
517 2123 681 2184 summittit
690 2123 799 2183 humus
810 2121 946 2182 formosa
956 2121 1088 2200 colores,

252 2216 287 2268 10
346 2207 391 2269 Ut
399 2208 524 2267 veuiaut
533 2206 671 2267 hederae
682 2211 793 2286 sponte
804 2225 859 2266 sua
870 2202 992 2285 melius,

305 2290 417 2369 Surget
429 2296 463 2351 et
474 2292 509 2350 in
518 2289 594 2351 solis
604 2289 769 2350 formosius
782 2293 907 2351 arbutus
920 2294 1026 2370 antris,

343 2374 386 2435 Et
396 2376 475 2434 solat
484 2373 636 2435 indociles
647 2393 776 2436 currere
786 2372 911 2455 lympha
921 2377 993 2435 vius.

302 2458 410 2518 Litora
421 2458 532 2519 nativis
543 2456 701 2520 collucent
710 2462 794 2539 picta
804 2457 922 2539 lapillis

342 2541 385 2602 Et
396 2541 538 2603 volucres
550 2542 634 2603 nulla
644 2542 765 2603 dulcius
777 2550 845 2603 arte
857 2548 978 2603 canunt.

249 2634 283 2687 15
303 2625 375 2688 Non
384 2629 430 2687 sio
439 2627 607 2706 Leucippis
616 2626 778 2688 succendit
789 2628 919 2687 Gasima
928 2626 1066 2703 Phoebe,

343 2708 506 2771 Pollucem
516 2708 600 2770 cultu
610 2729 673 2770 non
684 2708 805 2770 Hilaira
815 2729 915 2785 soror,

301 2794 381 2871 Non,
392 2792 465 2853 ldae
475 2799 509 2853 et
520 2792 631 2872 cupido
643 2793 797 2870 quondam
808 2790 963 2853 discordia
973 2792 1112 2871 Phoebo,

341 2877 442 2939 llueui
453 2877 563 2957 patriis
573 2875 638 2935 fllia
647 2876 802 2953 litoribus,

301 2962 368 3021 Neo
378 2961 547 3040 Phrygium
556 2956 636 3019 falso
649 2961 742 3019 traxit
752 2957 887 3019 candore
898 2958 1040 3019 maritum

248 3052 284 3105 20
343 3045 461 3105 Aveota
471 3044 609 3104 externis
618 3042 825 3123 Hippodamia
835 3043 930 3117 rolis3

304 3128 368 3189 Sed
378 3128 476 3189 iacies
486 3127 596 3189 aderat
605 3126 701 3189 nullis
713 3129 843 3189 obnoxia
853 3127 991 3206 gemmis,

344 3212 451 3289 Qualis
461 3211 602 3293 Apelleis
614 3220 664 3273 esi
674 3212 761 3274 color
771 3215 804 3273 iu
813 3210 936 3273 tabulis.

301 3296 371 3357 Non
383 3295 447 3357 illis
459 3296 594 3357 studium
604 3296 696 3376 vulgo
708 3299 894 3377 conquirere
906 3300 1058 3357 amantes:
1262 3338 1263 3384 ยน

342 3379 407 3441 llli
419 3380 517 3461 ampla
527 3383 602 3441 satis
612 3381 713 3443 forma
723 3381 882 3462 pudicitia.
1261 3422 1262 3506 1

246 3472 281 3526 25
303 3464 372 3524 Non
384 3483 441 3543 ego
453 3484 534 3524 nunc
545 3484 667 3542 vereor,
679 3483 719 3524 ne
732 3467 789 3525 sim
801 3465 858 3523 tihi
869 3463 959 3524 vilior
970 3464 1055 3523 istis:
1100 3461 1110 3481 โธ
1260 3520 1261 3523 ,

343 3549 516 3629 Uulsiqua
526 3547 640 3629 placet,
653 3546 737 3608 culta
746 3545 853 3628 puella
863 3553 911 3607 sut
920 3552 980 3622 est,

302 3632 380 3691 eum
392 3634 450 3693 tibi
460 3634 645 3713 praesertim
654 3632 800 3691 Phoebus
811 3651 864 3691 sua
875 3631 1009 3690 carmina
1020 3627 1116 3688 donet

341 3715 533 3796 Aoniamque
544 3716 647 3777 libens
659 3714 818 3794 Calliopea
827 3711 936 3793 lyrum,
