2717 4325
78 512 79 517 Ν
201 432 243 497 oa
502 428 866 491 aroannam

287 600 354 675 Qua
367 597 488 658 videam
499 595 608 677 spoliis
620 601 766 657 oneratos
776 597 920 657 Caesaris
931 617 1014 678 ares,

327 681 377 742 Ad
387 680 470 759 vulgi
478 679 604 761 plausus
618 699 713 761 saepe
722 682 875 741 resistere
886 700 994 761 equos,

231 776 265 827 15
288 766 384 845 Inque
395 766 464 824 sinu
475 782 565 823 carae
576 766 664 823 nixus
675 770 819 843 spectare
829 763 952 844 puellae

326 850 473 929 Incipiam
484 854 516 907 et
526 846 627 907 titulis
640 847 753 928 oppida
764 856 854 927 capta
863 846 975 926 legam,

285 930 367 993 Tela
376 933 494 1009 fugacis
506 933 578 1011 equi
591 938 624 991 et
634 932 771 991 braccati
780 929 890 991 militis
902 952 992 992 arcus

323 1017 366 1078 Et
376 1017 484 1076 subter
495 1022 601 1096 captos
613 1035 696 1075 arma
705 1014 819 1075 sedere
830 1014 934 1075 duces.

283 1100 445 1180 ipsatuam
455 1117 543 1159 serva
553 1099 684 1180 prolem,
696 1097 818 1161 Venus:
840 1100 901 1159 hoc
912 1100 953 1159 sit
963 1101 996 1160 in
1007 1118 1124 1181 aevum,

228 1194 265 1247 20
328 1185 439 1245 Cernis
451 1185 488 1244 alo
499 1185 606 1243 Aenea
617 1182 701 1263 quod
713 1178 879 1263 superesse
889 1178 995 1263 caput'

282 1267 404 1329 Praeda
414 1269 456 1327 sit
465 1269 543 1328 haec
553 1266 628 1346 illia,
641 1286 771 1347 quorum
781 1284 925 1326 meruere
935 1265 1076 1328 labores:

324 1352 379 1412 Me
393 1357 441 1411 sat
452 1352 514 1411 erit
525 1350 619 1412 Sacra
628 1349 778 1431 plaudere
788 1368 882 1429 posse
892 1350 960 1412 Via.

236 1482 374 1579 ‘lPacis
384 1517 566 1579 Amorileus
577 1523 636 1595 cat,
646 1535 755 1598 pacem
766 1534 950 1577 veneramur
960 1523 1107 1580 amantes.
1127 1483 1155 1576 5

322 1602 578 1663 Stantmihicum
589 1599 712 1660 domina
721 1599 843 1680 proelia
854 1600 932 1661 dura
941 1620 1025 1663 mea:

280 1686 347 1749 Nec
358 1692 462 1745 tamen
471 1687 569 1745 inviso
580 1691 690 1763 pectus
701 1685 777 1743 mihi
789 1686 926 1765 carpitur
937 1705 1022 1765 auro,

320 1768 387 1830 Nee
398 1769 507 1830 bibite
521 1786 639 1846 gemma
650 1766 746 1827 divite
757 1775 865 1829 nostra
874 1771 953 1848 sitis,

243 1862 260 1917 ⁶
280 1854 347 1916 Nec
357 1852 433 1911 mihi
442 1850 529 1911 mille
542 1853 621 1931 iugis
634 1852 801 1932 Campania
809 1854 932 1932 pinguis
945 1859 1059 1933 aratur,

319 1937 385 1999 Nec
396 1938 491 1997 miser
502 1956 574 1997 aera
583 1956 658 2017 paro
671 1933 772 2014 clade,
784 1937 947 2015 Corinthe‚
957 1943 1019 1998 tua.

279 2022 306 2083 0
318 2023 419 2102 prima
427 2020 538 2081 infelix
548 2022 679 2099 fingenti
690 2026 777 2079 terra
785 2020 990 2081 Prometheo!

319 2104 377 2167 ille
386 2125 495 2187 parum
506 2107 588 2167 cauti
598 2106 736 2186 pectoris
748 2106 813 2182 egit
824 2123 915 2186 opus:

280 2189 746 2271 corporadiaponensmentem
754 2188 1034 2264 nonviditinarte.

225 2284 261 2338 1⁰
319 2273 417 2336 Recta
428 2276 520 2334 animi
529 2275 662 2354 primum
673 2271 782 2344 debuit
792 2290 862 2332 esse
872 2275 930 2334 via.

278 2356 367 2418 Nunc
377 2359 470 2417 maris
481 2360 514 2417 in
524 2362 643 2419 tantum
653 2364 746 2418 vento
757 2357 916 2434 iactamur,
929 2363 962 2416 et
972 2358 1093 2418 hostem

321 2442 511 2522 Quaerimus,
524 2435 616 2523 atqu'e
628 2443 720 2501 armis
730 2441 882 2502 nectimus
894 2460 977 2501 arma
986 2461 1072 2502 nova
1086 2500 1089 2506 .

218 2579 222 2592 ,
279 2524 371 2586 Haud
380 2523 459 2586 ullas
470 2527 609 2607 portabis
620 2544 697 2606 opes
707 2526 895 2584 Acherontis
907 2523 946 2584 ad
956 2525 1068 2586 undas:

319 2609 425 2672 Nudus
438 2609 476 2670 ad
486 2612 634 2688 infernas,
647 2607 754 2686 stulte,
764 2610 880 2669 vehere
894 2616 986 2669 rates.

223 2702 257 2756 15
278 2695 389 2757 Victor
401 2715 469 2755 cum
478 2697 567 2754 victis
578 2695 699 2774 pariter
710 2694 891 2753 miscebitur
902 2694 1035 2752 umbris:

320 2777 455 2838 Consule
467 2797 535 2837 cum
545 2778 658 2854 Mario,
673 2781 763 2856 capte
773 2777 930 2856 iugurtha,
945 2774 1046 2840 sedes.

277 2860 383 2941 Lydus
398 2859 542 2920 Dulichio
554 2880 617 2920 non
630 2859 725 2920 distat
736 2861 871 2920 Croesus
883 2863 920 2921 ab
930 2861 997 2921 [τοι
1170 2857 1175 2862 ’

320 2945 443 3025 Optima
453 2965 548 3022 mors,
559 2944 675 3004 Parcae
688 2963 766 3024 quae
777 2947 862 3005 venit
873 2953 941 3005 acta
953 2944 1013 3004 die.

278 3029 333 3092 Me
346 3031 429 3090 iuvat
438 3031 472 3090 in
482 3031 581 3109 prima
592 3030 724 3090 coluisse
735 3029 888 3089 Helicona
898 3032 1022 3090 iuventa

223 3123 260 3178 2⁰
321 3114 543 3194 Musarumque
557 3116 660 3174 choris
670 3115 851 3195 inplicuisse
865 3133 987 3174 manus:
1008 3156 1010 3158 -

278 3198 333 3261 Me
345 3201 428 3260 iuvat
439 3206 472 3259 et
484 3198 581 3260 multo
593 3206 730 3260 mentem
740 3199 858 3258 vincire
869 3199 973 3279 Lyaeo

318 3283 964 3364 Etcaputinvernasemperhabererosa.

276 3369 380 3449 Atque
391 3371 444 3428 ubi
454 3371 515 3429 iam
524 3370 682 3432 Venerem
693 3369 792 3446 gravis
802 3366 1009 3448 interceperit
1020 3369 1115 3442 aetas,

319 3453 477 3534 Sparserit
488 3459 521 3512 et
531 3455 634 3531 nigras
646 3453 715 3512 alba
726 3458 852 3512 senecta
864 3471 976 3529 comas,

223 3543 257 3596 25
280 3536 360 3596 Tum
371 3539 447 3597 mihi
458 3543 584 3597 naturae
596 3536 694 3597 libeat
703 3536 885 3617 perdiscere
896 3553 1010 3612 mores,

319 3622 394 3698 Quis
406 3621 482 3682 deus
493 3622 573 3681 hanc
583 3621 689 3682 mundi
699 3627 856 3702 temperet
867 3628 933 3681 arte
946 3618 1079 3695 domum,

278 3704 345 3781 Qua
354 3705 441 3764 venit
452 3709 604 3784 exoriens,
617 3727 676 3784 qua
687 3705 804 3783 delicit,
814 3704 898 3764 unde
910 3705 1025 3764 coactis
1069 3745 1073 3752 .
