2717 4325
459 441 651 509 caluam
671 440 804 503 canii.
824 450 868 507 64.
1121 438 1162 504 47

184 624 234 680 170
253 616 332 675 Fors
355 616 445 675 etiarn
467 612 581 673 nostris
602 609 712 671 invidit
734 611 891 689 questibus
912 610 1004 670 suris.

255 700 393 780 luppiter
414 698 622 781 omnipotens,
644 695 758 755 utinam
778 712 818 753 ne
840 701 981 775 tempore
1001 696 1100 774 primo
1207 720 1214 731 =

256 784 371 843 Gnosia
391 780 559 859 Cecropiae
581 779 757 856 tetigissent
777 777 870 837 litora
891 796 1025 857 puppes,

255 866 405 927 lndomito
422 882 480 925 nec
502 862 570 923 dira
589 862 696 922 ferens
714 860 868 942 stipendis
886 867 974 921 taum

256 950 396 1010 Perfidus
416 950 448 1009 in
469 948 563 1009 Creta
583 946 747 1025 religasset
765 947 865 1006 navita
885 945 1006 1024 funem,

186 1043 235 1098 175
255 1033 319 1094 Nec
338 1032 434 1093 malus
455 1033 506 1092 hic
528 1031 631 1091 celans
653 1028 734 1089 dulci
755 1028 891 1089 crudelis
910 1030 1008 1091 forms

257 1117 392 1178 consilia
411 1118 444 1177 in
463 1116 578 1177 nostris
596 1115 770 1191 requiesset
790 1112 914 1174 sedibus
932 1115 1061 1194 hospes!

256 1200 331 1261 Nam
354 1219 412 1279 quo
434 1218 483 1259 me
502 1196 658 1259 referam'i
672 1196 764 1275 'quali
784 1214 839 1276 spe
858 1196 980 1276 perdita
999 1200 1103 1259 nitsr‘i

256 1285 476 1346 idomeneoane
494 1289 596 1362 petam
617 1281 759 1340 montesi
780 1280 819 1339 air
840 1280 961 1358 gurgite
978 1280 1042 1343 lato

257 1368 442 1429 Discernens
460 1373 587 1447 pontum
601 1362 809 1424 truculentum
826 1365 878 1423 uiri
900 1361 1009 1425 dividit
1028 1367 1165 1445 aequori

184 1463 237 1517 180
256 1454 305 1512 An
326 1452 424 1533 patris
445 1450 587 1510 auxilium
609 1448 754 1529 speremi
776 1464 906 1526 quemne
926 1448 993 1527 ipsa
1013 1448 1128 1529 reliqui

256 1537 442 1616 Respersum
459 1536 599 1594 iuvenem
617 1532 755 1593 fraterna
775 1530 870 1592 caede
889 1533 1016 1591 secuts'l

256 1621 402 1698 coniugis
423 1637 461 1678 an
481 1617 543 1678 iido
566 1615 710 1678 consoler
729 1621 842 1676 memet
862 1616 988 1677 surore?

257 1704 357 1779 Quinc
377 1702 456 1781 fugit
476 1700 578 1762 lentos
597 1703 758 1761 incurrans
778 1701 899 1778 gurgite
919 1701 1043 1761 remos?

257 1788 425 1848 Praeterea
446 1784 530 1846 nullo
552 1785 641 1861 litus,
662 1783 729 1845 sola
747 1782 865 1861 insula,
887 1790 989 1863 tecto,

184 1882 234 1936 185
255 1872 321 1932 Nec
342 1876 429 1950 patet
447 1888 588 1949 egressus
609 1868 711 1949 pelagi
732 1869 924 1947 cingentibus
944 1867 1048 1929 uudIs:

257 1954 349 2015 Nulla
368 1953 459 2033 ingae
479 1953 576 2028 ratio,
597 1951 683 2013 nulla
702 1970 789 2031 spes:
811 1953 910 2012 omnis
931 1959 1029 2027 muts,

259 2038 368 2100 Omnia
389 2044 460 2097 sunt
481 2036 620 2113 deserte,
642 2042 797 2095 ostentant
819 2037 918 2095 omnia
935 2034 1042 2096 letum.

258 2122 327 2183 Non
348 2129 449 2182 tamen
470 2125 541 2181 ante
562 2119 636 2180 milri
656 2118 857 2198 languescent
876 2116 992 2180 lumina
1011 2124 1126 2197 torte,

258 2206 323 2266 Nec
345 2209 430 2287 prius
452 2227 469 2266 a
488 2205 572 2266 fesso
593 2204 740 2264 secedent
758 2221 889 2285 corpore
908 2221 1031 2279 sensus,

186 2301 239 2356 190
260 2291 355 2364 Quam
374 2292 483 2349 iustam
504 2308 521 2348 a
543 2288 620 2348 divis
641 2306 801 2367 exposcam
820 2286 943 2368 prodita
962 2285 1120 2363 mulctsm,

261 2373 497 2453 Caelestumque
517 2371 609 2432 iidem
630 2382 785 2451 postrema
806 2389 984 2450 comprecer
1005 2371 1089 2430 liora.

262 2457 362 2534 Quare
382 2458 463 2517 iacta
481 2457 578 2516 virum
600 2455 782 2515 mulctantes
801 2453 922 2514 vindice
942 2471 1059 2534 poena,

260 2541 463 2618 Eumenides,
485 2540 594 2618 quibus
615 2541 745 2617 anguino
767 2537 910 2598 redimita
930 2536 1042 2616 capillo

260 2625 361 2686 Frons
383 2625 549 2706 expirantis
570 2628 749 2702 praeportat
768 2622 904 2702 pectoris
924 2623 1002 2700 irss,

187 2719 240 2774 195
261 2709 330 2768 Huc
350 2710 410 2769 hnc
430 2707 608 2784 adventate,
629 2725 712 2767 meas
733 2706 837 2766 audite
859 2705 1019 2785 querelas,

262 2793 343 2867 Quas
362 2811 435 2871 ego,
455 2810 510 2852 sse
532 2793 677 2869 miserae,
699 2792 845 2851 extremis
864 2789 1008 2870 proferre
1027 2789 1170 2852 medullis

262 2875 364 2954 cogor
384 2879 490 2956 inops,
509 2874 636 2954 ardens,
659 2877 773 2935 amenti
793 2892 883 2936 caeca
901 2875 1017 2936 farore.

263 2961 348 3034 Quae
369 2961 509 3038 qnoniam
529 2979 621 3020 verae
639 2966 804 3018 nuscuntur
824 2965 952 3038 pectore
972 2958 1011 3018 sis
1031 2958 1109 3034 imo,

261 3043 325 3105 Vos
345 3042 444 3104 nolite
463 3046 528 3123 pati
548 3049 687 3104 nostrum
704 3060 869 3103 vanescere
889 3040 1020 3118 luctum,

186 3139 242 3190 που
261 3127 325 3186 Sed
346 3126 429 3207 quali
450 3127 543 3188 solam
563 3127 704 3189 Theseus
724 3145 774 3187 me
793 3132 897 3187 mente
918 3124 1062 3204 reliquit,

264 3210 333 3270 Tali
355 3219 474 3289 mente,
497 3211 589 3290 dese,
610 3213 748 3272 funestet
766 3228 861 3289 seque
879 3211 1032 3289 suosque?

305 3295 368 3355 llas
389 3302 550 3376 postquam
571 3301 687 3356 maesto
708 3292 847 3375 profudit
866 3300 995 3373 pectore
1021 3309 1128 3367 voces,

264 3378 453 3459 Supplicium
473 3381 570 3441 saevis
591 3397 760 3459 exposcens
781 3379 867 3437 ansis
888 3378 993 3453 iactis,

265 3463 380 3524 Annuit
400 3465 514 3525 invicto
535 3463 700 3524 caelestum
721 3463 845 3522 numine
866 3469 986 3535 rector,

191 3557 243 3608 205
265 3547 331 3621 Quo
353 3555 432 3609 tune
444 3555 478 3609 et
497 3545 591 3608 tellus
610 3554 702 3625 atque
722 3545 850 3605 horrida
869 3551 1082 3605 contremuere

266 3629 408 3709 Aequora
429 3633 642 3710 concussitque
664 3631 807 3690 micantis
827 3628 929 3689 sidera
948 3623 1087 3684 mundus.

264 3713 333 3793 lpse
348 3722 448 3776 autem
467 3732 557 3776 caeca
576 3719 712 3773 suentem
730 3711 860 3790 callgine
878 3711 1021 3772 Theseus
