2717 4325
228 409 265 463 VI

228 588 318 647 genus
330 574 468 645 pertinent
483 578 511 629 et
521 574 692 644 peculiarem
710 572 790 643 quasi
803 571 888 629 huius
899 572 1021 629 familiae
1032 573 1146 647 stirpem
1162 593 1229 633 con-

227 658 327 731 stituit,
346 658 426 713 cuius
437 658 536 728 reliqui
548 658 642 728 agnati
654 663 702 711 aut
712 657 874 711 interierunt
883 662 930 712 aut
938 657 1062 713 nondum
1072 661 1229 717 resuscitati

226 746 300 797 sunt.
322 742 431 795 Etenim
442 740 503 797 libri
517 746 624 811 septem
636 755 754 811 quorum
766 756 851 810 supra
863 739 980 795 fecimus
996 744 1179 812 mentionem,
1192 761 1230 799 ex

224 840 280 879 uno
293 822 409 891 codice,
421 839 503 894 quem
523 824 604 879 litera
621 822 647 878 Α
664 824 905 895 consignabimus,
921 822 986 879 licet
1002 825 1090 881 variis
1108 827 1161 882 viis
1180 827 1229 883 de-

225 902 301 965 due'ti
313 914 394 972 sunt;
406 906 575 963 Dresdensis
585 922 670 973 vero,
683 922 852 978 quamquam
863 906 901 963 ad
911 906 987 961 idem
999 924 1090 979 genus
1101 911 1230 981 pertinet,

225 1007 260 1047 ex
272 992 326 1047 alio
338 991 408 1047 libro
420 985 472 1065 (B)
489 989 648 1059 descendit,
660 992 707 1061 qui
718 991 758 1045 illi
769 989 804 1060 Α,
814 1005 851 1043 ex
862 1007 917 1061 quo
935 990 982 1047 alii
1002 998 1110 1063 septem
1127 1010 1229 1065 propa—

224 1076 280 1145 gati
294 1081 372 1143 sunt,
384 1075 422 1129 ita
434 1080 570 1146 cognatus
583 1078 639 1144 est,
650 1080 681 1129 ut
692 1076 763 1129 inter
774 1090 807 1129 se
820 1075 942 1131 iraterno
959 1076 1039 1145 quasi
1056 1076 1146 1146 gradu
1161 1092 1228 1133 con-

224 1159 308 1214 iuncti
322 1159 409 1213 luisse
422 1157 585 1215 videantur:
602 1156 678 1228 quod
689 1158 736 1228 qui
746 1156 915 1213 Dresdensis
932 1158 994 1213 libri
1010 1159 1146 1215 leetIones
1163 1176 1229 1215 cum

224 1241 339 1311 reIIquIs
348 1244 566 1312 comparaverit,
577 1240 669 1297 statim
687 1242 829 1312 intelliget
866 1241 962 1311 itaque
974 1240 1004 1295 lit
1017 1246 1048 1297 ut
1060 1258 1146 1314 saepe
1157 1243 1230 1297 inter

223 1323 412 1380 Drasdensem
424 1330 451 1379 et
461 1324 597 1381 Datanum
612 1324 705 1395 aliqua
716 1323 867 1380 similitudo
878 1323 1040 1392 intercedat,
1056 1340 1147 1396 neque
1156 1342 1230 1383 vero

223 1406 288 1462 inde
301 1406 523 1463 concludendum
535 1412 587 1477 est,
595 1406 783 1463 Drasdensem
794 1407 831 1463 ad
842 1408 983 1478 posterius
995 1408 1126 1463 librorum
1137 1425 1230 1480 genus

223 1489 401 1545 referendum
413 1504 493 1546 esse:
513 1490 644 1561 idemque
657 1490 692 1543 de
704 1490 765 1566 Gu²
780 1490 939 1545 dicendum.
960 1491 1053 1559 Quare
1063 1492 1111 1547 ubi
1120 1492 1157 1547 Dr
1169 1493 1229 1547 etl)

223 1575 387 1641 concinunt,
400 1589 512 1644 semper
526 1576 585 1629 lere
602 1574 824 1643 antiquissimam
840 1574 989 1629 lechonem
1005 1580 1154 1632 servarunt
1170 1582 1230 1632 est·

223 1672 277 1725 que
292 1657 319 1711 in
332 1672 365 1712 eo
379 1672 519 1713 consensu
532 1657 653 1713 maxima
663 1657 814 1713 auctoritas
825 1663 853 1711 et
861 1656 944 1713 fides.

324 1810 357 1865 ΙΙ.
385 1808 432 1865 Ad
445 1809 582 1879 posterius
592 1822 677 1879 penus
693 1807 834 1864 referendi
846 1809 949 1867 sunthi
961 1811 1033 1866 libri.

306 1902 477 1961 DATANUS
495 1905 555 1974 (D),
569 1906 634 1960 olim
647 1904 737 1959 Caroli
750 1905 825 1974 bau,
836 1912 894 1962 tum
905 1907 1014 1963 Nicoiai
1025 1906 1143 1979 Heinsii,
1151 1921 1230 1963 nunc

221 1990 293 2042 inter
304 1990 400 2058 copias
413 1987 598 2044 Santonianas
614 1989 643 2042 in
654 1988 821 2044 bibliotheca
837 1991 917 2062 regia
931 1990 1115 2046 BeroIInensi.
1148 1989 1232 2045 Iiunc

222 2070 320 2127 librum
332 2072 360 2125 In
371 2071 502 2142 primario
515 2073 576 2126 loco
588 2069 782 2127 Lachmannus
793 2073 941 2129 collocavit
952 2089 1071 2144 eumque
1082 2080 1167 2127 totum
1180 2090 1233 2129 ex·
1255 2111 1256 2138 ι

221 2153 321 2211 hibuit.
339 2153 465 2227 Scriptus
477 2160 520 2211 est
533 2171 605 2212 anno
618 2159 697 2226 1463,
706 2172 810 2212 novem
821 2156 902 2212 annis
914 2164 977 2216 ante
989 2156 1140 2212 editionem
1151 2158 1233 2226 prin·

222 2239 312 2309 alpem
330 2240 511 2312 impressam,
533 2239 585 2296 sed
607 2239 636 2292 in
654 2238 709 2296 hoc
731 2239 947 2296 Catullianorum
965 2242 1099 2296 librorum
1121 2255 1233 2312 genere

222 2322 429 2393 antiquissimus
441 2338 532 2394 neque
544 2322 803 2393 interpolationibus
814 2323 953 2381 foedatus.
990 2323 1059 2378 Inde
1075 2323 1107 2379 lit
1122 2327 1152 2378 ut
1163 2324 1235 2378 iicet

220 2405 321 2473 plenus
332 2407 368 2460 sit
378 2407 597 2477 corruptelarum
610 2405 807 2477 scribendique
818 2421 960 2477 errorum,
976 2412 1070 2462 mmen
1081 2406 1177 2462 multis
1189 2408 1234 2462 Io-

222 2486 263 2542 cis
275 2503 342 2543 vera
354 2490 435 2545 lectio
448 2505 484 2544 ex
495 2505 529 2544 eo
542 2487 667 2546 eruenda
678 2490 722 2546 sit.

305 2571 348 2625 Ex
360 2572 460 2628 eodem
473 2574 546 2628 ionte
560 2580 615 2630 tres
627 2574 690 2628 iibri
702 2574 861 2644 interpolati
872 2571 1020 2628 fluxerunt.

305 2652 652 2729 Pnals1uustsso(1³,)
673 2658 906 2711 membranaceus
927 2657 1017 2712 iorma
1039 2655 1115 2724 VIII,
1134 2654 1236 2712 Tibul·

222 2738 287 2806 lum,
300 2735 445 2803 Catullum,
458 2739 630 2808 Propertium
641 2739 798 2793 contineas.

304 2819 492 2876 PUTEANUS
503 2815 583 2894 (Pu),
596 2821 668 2876 inter
681 2821 775 2892 regios
784 2821 959 2876 Parisienses
970 2825 1049 2889 8232,
1061 2819 1236 2878 chartaceus

221 2904 310 2958 lorme
320 2903 392 2970 VIII,
406 2904 500 2974 inquo
514 2905 617 2975 scripta
631 2909 695 2960 suut
702 2910 813 2975 praeter
821 2903 918 2960 Catulli
927 2907 1051 2960 carmina
1061 2906 1144 2960 etiam
1151 2904 1237 2961 Pria-

220 2985 284 3056 peIa
295 2991 322 3040 et
329 2985 398 3041 Galli
411 2987 527 3058 elegiae,
535 2989 635 3058 quibus
645 2987 771 3044 secunda
781 2993 810 3042 et
820 2989 900 3044 tertia
911 3003 1011 3044 manus
1022 2989 1077 3044 alia
1086 2987 1238 3060 quaedam

221 3069 344 3124 carmina
362 3068 472 3125 adiecit.
507 3070 541 3124 Hi
554 3071 616 3128 iibri
631 3073 665 3140 P,
676 3077 703 3126 et
713 3073 754 3126 Pu
771 3087 871 3126 recens
884 3072 980 3142 scripti
992 3072 1063 3126 inter
1079 3086 1110 3126 se
1124 3076 1237 3126 etcum

220 3150 388 3207 EDITIONE
411 3151 573 3209 PRINCIPE
591 3170 664 3226 quae
681 3154 785 3225 prodiit
796 3171 869 3210 anno
881 3153 1098 3212 iidccccxxii
1110 3154 1149 3209 ita
1162 3171 1238 3210 con·

221 3235 352 3304 sentiunt,
360 3242 390 3290 ut
398 3237 474 3292 nulla
484 3236 617 3293 dubitatio
630 3253 695 3294 esse
704 3239 794 3309 possit
808 3239 875 3308 quin
885 3253 984 3294 omnes
993 3254 1030 3293 ex
1041 3236 1142 3293 eodem
1157 3240 1238 3294 libro

220 3318 353 3389 descripti
366 3321 433 3388 sint,
447 3321 494 3392 qui
511 3321 592 3377 nobis
610 3321 738 3376 littaraE
757 3321 950 3393 designabitur
965 3323 1122 3392 multasque
1140 3324 1239 3378 conti-

221 3400 279 3455 nuit
289 3403 533 3473 Interpolatioues,
546 3420 618 3476 quae
636 3396 718 3460 nunc¹
727 3406 831 3477 pariter
848 3405 878 3459 in
891 3406 934 3475 P„
946 3405 987 3459 Pu
1005 3410 1033 3460 et
1049 3403 1102 3460 Ed.
1121 3404 1171 3462 Pr.
1193 3407 1238 3462 Ie·

166 3502 173 3510 ·
221 3491 332 3555 guntur.

304 3568 401 3626 Restat
416 3569 438 3626 F
440 3568 597 3628 URIANUS
609 3567 669 3644 (F),
685 3588 759 3628 nunc
776 3571 942 3628 Parisiensis
957 3575 1036 3638 8236,
1052 3569 1241 3641 chartaceus,

170 3705 176 3711 ,
222 3651 343 3708 continet
356 3653 543 3727 Propertium,
568 3654 721 3726 Tibullum,
742 3655 878 3712 Catullum
897 3662 925 3710 et
941 3654 1078 3727 Priapeia.
1114 3653 1142 3709 ls
1159 3655 1241 3711 liber
