2717 4325
482 443 674 507 iluna
717 443 912 523 W‚1,2,a.
1134 446 1175 511 dl

244 633 249 637 ·
342 612 587 693 Pendebantque
599 613 679 674 cavis
690 618 835 692 tympana
844 612 1027 692 pumicibus.

303 698 387 779 Ergo
399 698 556 759 Musarum
568 704 600 758 et
611 696 712 757 Sileni
720 697 818 777 patria
827 697 929 775 imago

248 790 285 845 30
344 782 466 843 Fictilis
478 788 511 841 ct
522 780 641 860 calami,
651 782 717 842 Pau
730 781 886 860 Tegeaee,
897 782 955 859 tui,

302 867 344 929 Et
354 866 487 928 Veneria
499 865 640 927 dominae
651 864 806 944 volucres,
823 884 892 927 mea
902 868 1004 944 turba,
1016 865 1173 930 columbae

345 950 483 1031 'lingunt
494 950 653 1028 Gergouia
663 950 781 1010 Punica
791 956 894 1011 rcrtrr
902 948 984 1029 lacu,

302 1033 512 1114 Diversaeque
525 1053 636 1096 novem
647 1035 777 1094 sortitae
788 1054 862 1094 rura
872 1034 997 1114 puellae

342 1119 500 1181 Exercent
510 1119 744 1179 tenerasinrua
755 1117 836 1177 duna
845 1137 961 1179 manue.

247 1210 280 1263 35
301 1203 388 1263 Haec
405 1203 540 1263 hederae
556 1201 825 1282 legitinthyraca‚
837 1202 915 1263 haec
928 1204 1061 1263 carmina
1071 1203 1174 1265 nervis
1246 1243 1248 1246 -

342 1288 449 1367 Aput,
462 1292 494 1345 at
503 1284 557 1347 illa
568 1304 659 1346 manu
669 1288 748 1347 texit
757 1293 889 1365 utruque
899 1306 1010 1348 rusam.

300 1369 327 1430 Ε
341 1388 470 1449 quarum
481 1388 609 1431 numero
620 1389 669 1431 me
682 1372 813 1449 contigit
824 1390 885 1430 unu
896 1369 1039 1431 dearum:

341 1454 385 1515 Ut
395 1454 600 1533 reurafaeie,
611 1453 772 1535 Calliopea
782 1455 859 1515 fuitz

301 1537 486 1599 ‘Contentus
496 1539 595 1599 niveis
607 1558 730 1620 semper
740 1540 906 1600 vectabere
918 1539 1037 1618 cycnis,

247 1627 283 1683 40
343 1622 409 1683 Nee
420 1628 453 1683 te
464 1624 556 1684 fortis
568 1624 641 1704 equi
654 1624 747 1683 ducet
757 1623 798 1683 ad
806 1642 891 1683 arma
901 1642 1005 1685 cauus.

260 1739 263 1747 ·
298 1704 352 1767 Nil
360 1708 420 1767 tibi
433 1708 474 1767 ait
483 1727 576 1768 rauco
587 1708 755 1788 praeconia
763 1706 892 1775 claeuicq
903 1726 1000 1767 cornu

340 1789 433 1850 Flere
446 1810 505 1851 nec
517 1793 650 1852 Aonium
660 1794 787 1871 cingere
798 1792 903 1852 Marte
913 1810 1032 1870 nemun,

250 1902 253 1907 ·
300 1874 937 1956 AntquibuaiucampiaMariancpraelic
947 1878 1036 1954 rigua

343 1956 435 2016 Steut
446 1963 479 2016 et
492 1956 679 2018 Teutonicas
691 1960 788 2018 Roma
798 1958 954 2037 refringet
965 1978 1051 2037 oper,

247 2048 281 2102 45
302 2041 456 2101 Barbarus
469 2046 522 2100 cut
533 2040 632 2101 Sucro
645 2043 791 2123 perfusus
803 2043 951 2120 sanguine
961 2042 1089 2102 Rhenus

342 2123 451 2186 Saucia
461 2127 614 2186 maerenti
626 2146 758 2208 corpora
767 2131 872 2186 vectet
883 2145 970 2206 aqua.

300 2210 423 2291 Quippe
435 2215 600 2271 ecranatca
613 2207 747 2272 alienum
759 2209 799 2271 ad
810 2209 908 2271 limen
920 2214 1057 2270 umautea

340 2295 581 2375 Nocturnreque
593 2314 685 2356 cauea
697 2297 784 2356 ebria
794 2297 882 2374 cigna
891 2295 993 2374 fugae,

300 2377 344 2440 Ut
353 2397 413 2459 per
424 2384 457 2438 te
470 2377 587 2439 clausas
599 2382 676 2441 aciat
687 2387 851 2461 exceptare
861 2377 992 2460 puellae,

245 2469 281 2525 60
343 2463 404 2540 Qui
415 2460 501 2522 volet
512 2469 651 2524 austeros
663 2471 731 2524 arte
742 2464 840 2524 ferire
851 2466 957 2524 virca’

300 2544 390 2608 Tulin
402 2545 554 2628 Calliope,
564 2545 763 2631 lymphisque
774 2569 792 2608 a
802 2549 890 2608 fonte
900 2547 1010 2629 petitis
1140 2609 1144 2616 ,

342 2631 404 2690 0ra
414 2629 575 2692 Philetuea
585 2640 694 2694 nostra
705 2633 816 2712 rigavit
826 2652 912 2713 aqua.

256 2763 281 2856 3
297 2765 396 2860 Arma
406 2799 482 2861 deus
495 2801 610 2862 caesar
622 2801 705 2862 dites
717 2799 885 2862 meditetur
898 2800 937 2861 ud
946 2797 1050 2879 Indos,
1142 2763 1172 2856 4

336 2885 379 2947 Et
388 2885 471 2945 freta
482 2887 657 2964 gemmiferi
667 2884 790 2947 findere
801 2883 902 2947 clauae
913 2887 1017 2946 meria.

296 2968 421 3049 Magna,
431 2971 501 3047 viri,
512 2989 648 3030 mercer:
667 2976 757 3049 parat
767 2969 876 3030 ultima
886 2976 974 3029 terra
981 2967 1170 3049 triumphent

339 3052 444 3130 Tigris
457 3058 490 3111 et
499 3053 676 3131 Euphrates
688 3053 745 3112 sub
755 3060 809 3112 tua
818 3055 886 3112 iura
896 3054 1011 3112 fluent:

261 3144 277 3196 5
300 3136 387 3211 Sera,
401 3132 457 3192 red
467 3135 612 3194 Ausoniis
623 3136 730 3194 veniet
739 3135 899 3214 pruvincia
908 3137 1020 3213 virgin:

339 3216 535 3278 Adsuerceut
545 3216 634 3277 Latic
646 3216 762 3277 Partha
772 3224 902 3296 tropaea
910 3219 984 3280 Iovi.

298 3304 345 3363 lte
357 3303 449 3380 agite,
465 3307 613 3382 expertae
623 3298 711 3360 bello
724 3299 795 3362 date
806 3299 905 3361 lintea
914 3319 1027 3382 prorae

339 3387 381 3448 Et
392 3383 515 3445 solitum
526 3385 671 3464 armigeri
683 3383 787 3446 ducite
798 3404 908 3446 munuc
919 3386 1001 3464 equi.

300 3470 409 3530 Omina
419 3469 621 3550 faurtacauo:
644 3469 773 3532 Graecae
785 3467 968 3551 clademque
978 3469 1079 3549 piate:

246 3563 280 3616 10
340 3553 386 3614 Ite
398 3563 431 3613 et
440 3553 595 3614 Romanae
607 3553 760 3616 consulite
771 3556 931 3616 historiae.

297 3637 383 3699 Mars
394 3643 484 3717 pater
496 3645 529 3700 et
540 3657 645 3699 caerae
656 3640 762 3701 fatalia
772 3639 889 3700 lumina
898 3638 1026 3718 vestre,

337 3723 419 3783 Ante
430 3740 515 3785 meua
528 3724 629 3786 obitus
641 3725 692 3803 sit,
702 3743 827 3807 precor,
837 3723 892 3786 illa
902 3723 981 3805 dier,

548 4030 675 4076 A
