2717 4325
244 459 286 523 68
553 445 916 511 Puornflrn

368 622 551 684 Parrhasius
562 636 656 698 parva
665 613 802 674 vindicat
813 618 882 672 arte
892 611 1005 690 locum,

329 709 519 785 Argumenta
529 702 625 779 magis
637 703 710 759 sunt
717 697 875 759 Mentoris
887 695 992 757 addita
1001 696 1133 779 formae,

369 792 412 851 At
422 789 514 867 Myos
525 786 667 863 exiguum
675 783 778 841 flectit
788 781 936 839 acanthus
947 781 1020 858 iter,

278 886 312 939 15
332 872 499 935 Phidiacus
511 871 597 947 signo
609 884 643 926 ae
654 866 794 946 luppiter
805 869 897 923 ornat
907 864 1037 941 eburno,

369 953 549 1017 Praxitelen
559 946 1020 1033 propriavindicaturbelapis

330 1043 389 1103 Est
401 1040 510 1120 quibus
520 1035 618 1098 Eleae
630 1035 788 1095 concurrit
796 1029 899 1112 palma
910 1029 1088 1111 quadrigae,

334 1132 340 1144 '
370 1125 429 1185 Est
440 1122 549 1201 quibus
560 1122 593 1180 in
605 1116 727 1178 celeres
738 1115 837 1194 gloria
846 1122 919 1175 nats
928 1112 1043 1195 pedes3

330 1209 392 1269 Hic
402 1213 485 1267 satus
497 1203 536 1265 ad
546 1222 663 1283 pacem,
675 1202 727 1260 hic
738 1201 947 1261 castrensibus
958 1196 1045 1259 utilia
1055 1201 1162 1261 armis:

279 1303 315 1354 20
373 1291 510 1353 Naturae
522 1288 664 1366 sequitur
674 1286 792 1345 aomina
803 1285 934 1363 quisque
945 1300 1028 1345 suae.

331 1378 374 1435 At
384 1381 447 1452 tua,
458 1373 635 1448 Maecenas,
647 1370 729 1428 vitae
739 1373 907 1448 praecepta
918 1366 1035 1446 recepi,

373 1459 477 1536 Cogor
489 1462 522 1516 et
533 1453 682 1534 exemplis
691 1461 725 1512 te
740 1469 889 1532 superare
900 1451 969 1512 tuis.

333 1544 411 1604 (tum
420 1542 480 1601 tihi
490 1540 626 1599 Romano
638 1536 777 1596 dominas
789 1537 823 1593 in
832 1536 952 1594 honore
963 1550 1089 1594 secures

372 1626 415 1686 nt
424 1622 521 1684 liceat
531 1620 633 1682 medio
647 1636 767 1699 ponere
777 1619 846 1677 iura
855 1618 938 1694 foro,

279 1720 313 1771 25
334 1707 395 1772 Vel
404 1708 464 1767 tibi
475 1704 640 1765 Medorum
650 1720 806 1781 pugnaces
816 1703 866 1761 irc
876 1718 934 1781 per
944 1702 1051 1761 hostes

372 1792 476 1867 Atque
488 1803 619 1846 onerare
630 1792 714 1845 tuam
723 1786 783 1845 flxa
792 1803 851 1865 per
862 1804 946 1844 arma
957 1784 1088 1864 domum,

331 1873 442 1935 Eittibi
453 1870 492 1931 ad
503 1871 648 1931 effectum
659 1872 742 1930 vires
753 1868 809 1929 det
820 1869 935 1930 Caesar
946 1874 979 1927 et
989 1871 1071 1928 omni

374 1956 531 2036 Tempore
542 1961 606 2014 tam
615 1952 725 2014 faciles
735 1955 931 2013 insinuentur
945 1969 1030 2032 opes,

331 2042 437 2101 Parcis
449 2046 482 2099 et
492 2040 525 2100 in
536 2045 646 2099 tenues
657 2035 806 2097 humilem
815 2043 849 2097 te
862 2035 984 2115 colligis
994 2037 1131 2096 umbras:

278 2134 313 2190 30
373 2125 521 2188 Velorum
532 2121 643 2203 plenos
653 2122 809 2182 subtrahis
820 2122 889 2202 ipe
902 2122 995 2182 sinus.

333 2209 532 2286 credamini,
543 2225 669 2284 magnos
682 2208 856 2285 aequabunt
867 2207 928 2266 iata
939 2202 1086 2267 Camillos

373 2292 489 2353 Iudicia
499 2297 533 2351 et
543 2291 649 2350 venies
661 2296 697 2349 tn
708 2309 831 2369 quoqne
841 2292 874 2349 in
886 2309 941 2350 ora
953 2292 1061 2366 virum,

332 2377 474 2438 caesaris
485 2381 518 2434 et
528 2374 627 2435 famae
637 2375 767 2452 vestIgia
777 2374 881 2433 iuncta
890 2372 1029 2434 tenebis:

372 2461 565 2521 Maecenatis
577 2465 669 2519 erunt
677 2477 752 2518 vera
761 2464 890 2537 tropaea
899 2457 987 2518 tides.

277 2553 311 2608 35
332 2544 361 2605 N
362 2564 402 2605 ou
414 2563 471 2623 ego
482 2542 611 2604 velifera
621 2542 772 2602 tumidum
782 2559 868 2601 mare
877 2541 963 2601 tindo
975 2543 1093 2602 carina:

372 2628 455 2691 Tota
466 2630 522 2690 snb
534 2629 643 2706 exiguo
654 2627 780 2688 flumine
790 2631 898 2685 nostra
908 2644 994 2686 mora
1005 2632 1061 2685 est.

330 2713 401 2774 Non
411 2715 494 2773 flebo
505 2713 538 2770 in
549 2714 671 2772 cineres
683 2729 786 2770 arcem
797 2708 916 2770 sedisse
929 2715 1076 2789 paternos

373 2795 481 2857 Cadmi
494 2811 553 2853 nec
564 2792 815 2873 septemproelia
825 2792 913 2854 clade
924 2794 1002 2874 pari,

330 2877 395 2939 Nec
405 2877 541 2936 referam
553 2876 664 2936 Scaeas
676 2883 709 2937 et
718 2876 868 2956 Pergama
878 2876 1032 2957 Apollinis
1043 2893 1142 2954 arces,

277 2967 313 3021 to
371 2961 414 3022 nt
424 2960 561 3020 Danaum
572 2958 692 3020 decimo
702 2979 776 3021 vere
787 2960 908 3021 redisse
920 2968 1015 3037 rates,

332 3044 458 3104 Moenia
470 3062 538 3103 cum
549 3044 643 3104 Graio
653 3043 809 3124 Neptunia
818 3047 935 3125 pressit
946 3050 1050 3105 aratro

370 3127 481 3189 Victor
492 3125 649 3189 Palladiae
659 3127 781 3208 ligneus
795 3131 871 3188 artis
884 3148 992 3210 equus.

330 3212 414 3272 Inter
426 3209 610 3273 Callimachi
622 3219 669 3273 sat
680 3215 743 3272 erit
752 3211 906 3294 placuisse
915 3211 1044 3273 libellos

369 3296 411 3370 lit
422 3297 573 3357 cecinisse
585 3296 695 3373 modis,
707 3298 772 3357 Coe
782 3302 885 3377 poeta,
895 3298 967 3358 tuis.

277 3387 311 3440 45
332 3380 418 3442 Haec
430 3399 545 3461 pueros
557 3387 657 3457 urant,
670 3381 748 3440 haec
758 3387 850 3440 urant
862 3382 979 3462 scripta
989 3375 1120 3460 puellas,

369 3465 487 3544 Meque
500 3464 592 3523 deum
603 3462 736 3523 clament
748 3465 866 3523 etmihi
877 3464 1087 3524 sacraferant.

330 3546 379 3607 Te
389 3546 466 3608 duce
476 3544 527 3608 vel
539 3547 617 3606 Iovis
630 3567 713 3606 arma
725 3567 829 3607 canam
840 3547 989 3627 caeloque
1000 3548 1169 3607 minantem

369 3629 487 3695 (iseum
498 3637 531 3691 et
541 3627 725 3710 Phlegraeis
737 3630 947 3691 Oromedonta
959 3632 1051 3709 iugis,

330 3703 485 3792 Galaaquc
495 3714 639 3774 Romanis
652 3714 802 3794 decerpta
811 3714 924 3794 palatia
933 3716 1031 3775 muris
