2717 4325
436 464 867 546 pleromate.

301 632 635 715 Cornibusinplenum
645 629 995 710 menstruslunaredit,

257 718 351 783 Unde
363 716 429 779 salo
440 724 587 799 superant
596 719 692 793 venti,
705 716 779 797 quid
788 716 913 776 flamine
926 722 1031 798 captet

205 814 242 869 30
302 803 414 881 Eurus,
429 804 614 863 etinnube
625 800 709 861 unde
719 802 868 881 perennis
878 819 966 881 aqua,

261 887 310 947 Sit
319 894 448 947 ventura
460 886 537 966 dies,
549 885 655 947 mundi
668 903 746 965 quae
758 887 885 945 subruat
895 903 994 963 arces,

273 987 278 994 ·
301 971 479 1051 Purpureus
489 970 609 1051 pluvias
621 989 676 1030 eur
686 970 767 1029 bibit
778 988 866 1029 arcus
877 988 981 1048 aquas,

258 1057 323 1115 Aut
334 1074 388 1115 cur
399 1055 571 1115 Perrhaebi
581 1062 741 1113 tremuere
752 1055 907 1113 cacumina
917 1051 1021 1131 Pindi,

302 1137 385 1199 Solis
397 1145 430 1198 et
443 1140 550 1197 atratis
560 1135 678 1196 luxerit
689 1136 774 1196 orbis
786 1136 884 1214 equis,

204 1231 238 1285 35
260 1224 324 1284 Cur
336 1240 424 1283 serus
435 1240 561 1282 versare
572 1222 667 1280 boves
680 1226 713 1280 et
722 1217 861 1298 plaustra
873 1219 999 1298 Bootes,

300 1304 463 1365 Pleiadum
474 1304 573 1385 spisso
585 1323 639 1365 cur
651 1305 715 1363 coit
725 1304 797 1381 igne
809 1302 932 1380 chorus,

261 1390 364 1451 Ourve
375 1408 445 1449 suos
456 1390 535 1450 fines
547 1387 642 1449 altum
652 1408 716 1447 uon
727 1392 817 1448 exeat
832 1403 958 1466 aequor,

301 1473 418 1534 Plenus
430 1479 463 1533 et
473 1475 506 1534 in
516 1479 623 1554 partes
635 1478 780 1554 quattuor
793 1490 890 1531 annus
901 1476 962 1549 cat,

260 1558 323 1618 Sub
335 1560 429 1618 terris
441 1560 504 1619 sint
513 1560 581 1618 iura
593 1558 685 1618 deum
696 1563 729 1617 et
738 1560 895 1616 tormenta
906 1556 1081 1635 Gigantum,

204 1649 240 1703 40
303 1643 491 1723 Tisiphones
503 1648 569 1703 atro
581 1643 608 1702 si
618 1642 697 1702 furit
707 1658 805 1719 angue
816 1646 919 1720 caput,

258 1728 321 1786 Aut
331 1725 548 1787 Alcmaeoniae
559 1726 659 1786 iuriae
674 1732 726 1786 aut
735 1726 850 1785 ieiunia
860 1725 983 1801 Phinei,

299 1809 379 1869 Num
391 1816 471 1887 rota,
483 1830 556 1870 num
566 1808 697 1891 scopuli,
707 1829 780 1869 num
790 1810 859 1869 sitis
869 1810 954 1869 inter
966 1828 1070 1889 aquas,

258 1892 338 1952 Num
348 1894 449 1952 tribus
459 1894 615 1952 infernum
627 1892 763 1953 custodit
772 1893 912 1955 faucibus
923 1898 1046 1953 antrum

302 1976 471 2053 Cerberus,
483 1980 515 2035 et
526 1976 620 2055 'lityo
632 1978 739 2053 iugera
750 1994 847 2053 pauca
856 1994 978 2053 novem,

205 2068 239 2122 45
261 2060 311 2121 An
321 2061 436 2119 fietain
446 2060 574 2119 miseras
586 2058 750 2119 descendit
761 2055 865 2119 fabula
876 2064 997 2137 gentes,

300 2140 1044 2223 Ettimorhaudultraquamroguaessepotcst.

259 2229 368 2292 Exitus
379 2230 431 2289 hic
442 2231 524 2289 vitoe
536 2235 664 2308 superet
674 2228 766 2288 mihi:
786 2245 852 2304 vos,
865 2227 975 2307 quibus
986 2246 1068 2286 orma

302 2313 399 2374 Grata
408 2314 515 2392 magis,
530 2313 634 2373 Crassi
648 2315 735 2392 signa
745 2311 865 2370 referte
878 2309 1008 2373 domum.

550 2422 752 2436 *—

218 2444 324 2541 wic
334 2481 411 2539 mihi
422 2477 462 2538 de
475 2484 591 2556 nostra,
609 2498 687 2559 quae
698 2481 806 2558 sentis,
817 2498 890 2540 vera
900 2476 1021 2558 puella:
1105 2443 1133 2539 6

303 2564 355 2624 Sic
366 2563 424 2623 tibi
436 2563 499 2622 sint
510 2560 661 2642 dominae,
672 2562 840 2643 Lygdame,
852 2563 976 2643 dempta
986 2564 1065 2641 iuga.

260 2648 339 2708 Num
351 2665 400 2707 me
410 2645 531 2706 laetitia
540 2648 741 2708 tumefactum
753 2646 839 2708 fallis
848 2648 943 2725 mani,

301 2732 387 2792 llaec
398 2731 551 2811 referens,
565 2751 642 2813 quae
653 2751 703 2793 me
715 2731 847 2793 credere
857 2729 939 2792 velle
949 2730 1063 2811 putas?

222 2823 238 2876 5
262 2816 368 2877 Omnis
380 2817 462 2876 enim
473 2815 568 2878 debet
579 2819 734 2878 sinevano
745 2818 871 2879 nuntius
882 2835 962 2895 esse,

302 2901 517 2982 Maioremque
527 2903 640 2964 timens
651 2921 759 2964 seruus
768 2904 886 2963 habere
897 2901 1000 2963 iidem.

259 2984 346 3045 Nunc
357 2987 443 3065 mihi,
456 2987 483 3046 si
496 3007 554 3066 qua
564 2993 664 3064 tenes,
677 2989 714 3046 ab
728 2988 849 3065 origine
861 2985 967 3046 dicere
977 2986 1078 3067 prims

201 3079 205 3084 '
299 3069 420 3148 Incipe:
444 3071 600 3146 suspensis
613 3072 736 3128 auribus
746 3071 807 3128 istu
817 3071 929 3129 bibam.

262 3151 366 3212 Sicine
379 3169 446 3210 eam
457 3151 621 3230 incomptis
632 3149 738 3210 vidisti
747 3152 827 3210 flere
838 3148 982 3230 capillis?

223 3233 389 3298 olllius
401 3252 438 3293 ex
450 3231 544 3292 oculis
554 3233 651 3293 multa
662 3233 792 3293 cadebat
803 3233 903 3311 aquai

223 3246 327 3381 ⁰Nec
339 3316 499 3420 speculum
510 3322 606 3377 strato
618 3314 722 3375 vidisti
725 3314 912 3395 ,Lygdame,
923 3314 1033 3376 lecto?

69 3385 71 3444 l
303 3404 440 3464 0rnabat
451 3404 553 3462 niveas
565 3397 692 3460 nullane
704 3418 821 3479 gemma
832 3399 961 3459 morurs‘²

70 3499 71 3504 ’
261 3490 304 3552 Et
313 3494 461 3548 maestam
470 3487 588 3546 teneras
599 3491 718 3545 vestem
727 3485 868 3566 pendere
879 3483 1018 3559 lacertis,

304 3573 486 3651 scriniaque
498 3568 622 3630 adlecti
634 3568 759 3630 clausa
749 3587 852 3630 iacere
863 3566 984 3649 pedes?

210 3668 243 3720 15
266 3657 380 3718 Tristis
392 3662 460 3716 erat
471 3654 588 3732 domus,
600 3661 633 3752 et
644 3657 751 3716 tristes
762 3675 816 3715 suu
826 3671 923 3735 pensa
933 3651 1092 3712 ministrae

272 3742 490 3822 Carpebant,
503 3739 605 3800 metlio
617 3719 924 3820 nebatetipsaloco,

602 4048 736 4088 A
