2717 4325
510 497 654 558 TlBULLl
675 499 744 558 LIB.
763 499 798 559 11.
819 510 844 560 5.

222 667 299 726 Dum
322 664 478 727 cumulant
500 686 583 745 aras,
604 666 642 727 ad
665 673 717 728 tua
737 686 823 728 sacra
842 670 921 730 veui.

186 750 242 813 Sed
259 748 376 811 nitidus
396 748 589 831 pulcherque
610 752 696 811 veni:
718 771 800 812 nunc
821 751 916 812 indue
936 758 1052 814 vestem

222 835 411 916 Sepositam,
433 833 541 914 longas
562 855 644 896 nuuc
666 838 747 896 bene
767 842 859 917 pecte
882 856 998 916 comas,

185 917 306 996 Qualem
329 926 360 979 te
383 926 555 984 memorant
577 920 710 981 Saturno
733 921 935 1000 regeffugato

221 1003 341 1065 Victori
362 1002 470 1066 laudes
489 1005 683 1065 concinuisse
704 1003 841 1078 lovi&¹
1149 1015 1184 1069 10

185 1086 229 1148 Tu
249 1086 360 1168 procul
381 1095 529 1148 eventura
549 1089 652 1167 vides,
675 1090 733 1149 tibi
754 1087 878 1150 deditus
900 1109 994 1169 augur

224 1171 289 1232 Scit
309 1174 390 1232 bene
413 1173 488 1253 quid
508 1174 565 1234 fati
582 1172 716 1254 provida
738 1180 843 1234 cantet
864 1175 942 1252 avis,

184 1255 289 1336 Tuque
311 1258 395 1336 regis
418 1264 536 1335 sortes,
553 1277 612 1339 per
632 1265 665 1318 te
685 1259 859 1339 praesentit
880 1277 1027 1339 aruspex,

221 1341 353 1401 Lubrica
375 1344 506 1420 signavit
525 1362 593 1403 cum
613 1342 689 1403 deus
711 1349 779 1403 exta
800 1343 898 1402 uotis:

183 1424 227 1485 Te
248 1424 327 1486 duce
348 1426 501 1486 Romanos
524 1446 678 1506 nunquam
699 1428 850 1487 frustrata
872 1425 991 1506 Sibylla
1147 1437 1180 1490 15

221 1507 334 1570 Abdita
353 1530 431 1589 quae
452 1513 535 1571 senis
556 1513 619 1572 fata
641 1513 724 1572 canit
744 1511 892 1592 pedibus!

181 1594 321 1674 Phoebe,
343 1615 445 1656 sacras
466 1595 668 1657 Messalinum
691 1597 758 1657 sine
780 1601 910 1674 tangere
933 1596 1054 1655 chartas

221 1678 322 1752 Vatis,
343 1682 464 1761 etipse
485 1700 599 1762 precor
622 1680 705 1760 quod
728 1687 817 1740 canat
836 1679 891 1740 illa
912 1680 1000 1742 doce,

182 1763 263 1821 Haec
286 1761 372 1823 dedit
394 1764 518 1825 Aeneae
539 1773 656 1843 sortes,
679 1773 841 1846 postquam
862 1762 919 1825 ille
940 1770 1100 1844 parentem

223 1845 342 1906 Dicitur
364 1854 397 1908 et
416 1855 522 1929 raptos
544 1851 727 1910 sustinuisse
749 1850 862 1927 Lares,
1147 1858 1181 1910 20

181 1928 245 1988 Nec
263 1929 332 1991 fore
355 1931 503 1992 credebat
522 1933 663 2012 Romam,
686 1954 754 1995 cum
776 1939 909 1994 maestus
932 1936 968 1994 ab
990 1932 1052 1993 alto

221 2010 300 2074 lliou
322 2013 467 2076 ardentes
488 2019 722 2098 respiceretque
744 2017 828 2078 deos.

179 2097 342 2179 (Romulus
363 2107 509 2161 aeternae
529 2101 664 2164 nondum
684 2103 859 2165 firmaverat
878 2103 963 2164 urbis

179 2191 183 2200 “
219 2184 363 2263 Moenia,
385 2188 521 2247 consorti
542 2207 605 2247 non
626 2188 791 2249 habitanda
812 2188 925 2260 Remo,

178 2267 241 2330 Sed
261 2275 333 2329 tunc
354 2271 522 2350 pascebant
543 2272 676 2333 herbosa
697 2270 816 2331 Palatia
836 2289 943 2330 vaccae
1148 2280 1181 2331 25

218 2353 261 2414 ut
281 2357 404 2415 stabant
424 2354 557 2416 humiles
578 2357 612 2416 in
633 2357 712 2417 lovis
734 2372 805 2416 arce
828 2374 925 2415 casae.

176 2437 272 2498 Lacte
294 2438 421 2499 madens
439 2439 506 2500 illic
526 2441 652 2501 suberat
671 2442 738 2501 Pan
757 2439 839 2499 ilicis
860 2442 986 2500 umbrae

219 2522 261 2582 Et
282 2523 363 2582 lacta
382 2526 497 2602 agresti
518 2523 623 2604 lignea
644 2524 725 2585 lalce
746 2523 853 2603 Pales,

176 2606 400 2687 Pendebatque
419 2610 486 2687 vagi
507 2610 642 2690 pastoris
661 2611 695 2669 ln
716 2611 827 2669 arbore
848 2614 967 2685 votum,

221 2690 354 2753 Garrula
376 2691 513 2753 silvestri
534 2692 638 2753 listula
658 2714 745 2755 sacra
766 2691 842 2770 deo,
1147 2699 1182 2753 30

174 2776 312 2855 Fistula,
335 2778 383 2837 cui
402 2796 526 2859 semper
548 2777 705 2839 decrescit
727 2777 884 2837 arundinis
908 2776 1002 2837 ordo:

219 2860 295 2921 Nam
315 2859 448 2922 calamus
467 2882 540 2922 cera
559 2864 697 2941 iungitur
717 2880 813 2941 usque
835 2862 945 2921 minor.

179 2945 220 3005 At
243 2965 301 3024 qua
321 2944 450 3008 Velabri
472 2948 558 3026 regio
578 2953 682 3028 patet,
704 2947 752 3007 ire
772 2945 895 3006 solebat

218 3028 353 3109 Exiguus
373 3029 460 3112 pulla
481 3031 636 3112 pervade
657 3029 754 3090 linter
776 3051 862 3110 aqua.

172 3112 253 3173 lllac
274 3133 367 3196 saepe
387 3117 490 3195 gregis
512 3115 586 3175 ditis
607 3114 758 3197 placitura
778 3117 925 3194 magistro

217 3198 268 3257 Ad
289 3200 430 3261 iuvenem
451 3198 533 3261 festa
553 3205 602 3260 est
622 3206 711 3259 vecta
731 3198 836 3280 puella
859 3198 926 3276 die,

172 3282 254 3343 Cum
277 3302 336 3362 qua
354 3283 482 3346 fecundi
503 3282 668 3345 redierunt
688 3302 815 3344 munera
835 3284 934 3359 ruris,

219 3367 336 3429 Caseus
357 3375 390 3430 et
410 3370 518 3430 niveae
541 3368 689 3430 candidus
711 3386 805 3447 agnus
824 3367 915 3445 ovis.)

171 3451 330 3532 ‘Impiger
351 3455 473 3532 Aenea,
493 3454 651 3515 volitantis
671 3452 769 3533 irater
788 3453 931 3529 Amoris,

218 3536 334 3597 Troica
353 3540 405 3617 qui
426 3539 567 3619 profugis
587 3526 682 3604 sacid'
695 3538 782 3597 vehis
804 3537 939 3611 ratibus,

167 3620 237 3681 lam
259 3623 316 3684 tibi
337 3622 510 3684 Laurentes
532 3624 665 3702 assignat
685 3622 823 3702 Iuppiter
845 3638 951 3699 agros,

217 3706 280 3766 lam
300 3713 388 3768 vocat
409 3713 551 3770 errantes
573 3708 697 3788 hospita
718 3711 803 3765 terra
821 3704 927 3765 Lares.

164 3786 244 3849 lllic
267 3798 388 3853 sauctus
411 3793 490 3871 eris,
510 3811 577 3853 cum
598 3798 632 3851 te
654 3788 830 3851 veneranda
850 3787 981 3848 Numici·
