2717 4325
236 428 279 491 90
532 421 896 487 inorsnsll

362 594 526 657 Vertumni
537 610 644 653 rursus
655 590 795 651 creditur
805 608 876 651 esse
887 610 1016 655 sacrum.

320 680 424 739 Prima
435 677 511 737 mihi
521 678 619 737 variat
628 674 797 763 liventibus
807 694 865 735 uva
875 679 1017 755 racemis,

360 762 403 823 nt
417 780 502 821 coma
513 758 642 821 lactenti
654 761 758 839 spicea
769 759 860 837 fruge
870 765 979 822 tumet.

130 892 135 901 .
266 854 299 909 15
320 846 381 907 llic
393 843 501 905 dulces
513 862 646 922 cerasos,
657 844 709 903 hic
720 841 923 906 auctumnalia
934 864 1033 926 pruna

362 930 474 990 Cernis
486 936 519 988 et
530 929 645 989 aestivo
656 947 743 987 mora
752 929 867 989 rubere
880 926 940 990 die.

319 1014 433 1074 Insitor
444 1014 495 1073 hic
507 1009 599 1072 solvit
609 1030 736 1091 pomosa
745 1018 818 1071 vota
827 1031 952 1090 corona,

360 1098 437 1158 cum
447 1098 534 1177 pirus
544 1097 640 1156 invito
652 1096 759 1174 stipite
769 1093 850 1155 mda
860 1092 943 1157 tulit.

317 1179 453 1242 Mendax
463 1180 544 1240 fama
554 1197 665 1239 noces:
686 1178 764 1239 alius
774 1180 850 1239 mibi
860 1180 992 1241 nominis
1002 1179 1112 1243 index:

263 1275 299 1327 20
324 1276 326 1281 '
359 1266 407 1325 De
419 1283 454 1325 se
465 1264 603 1325 narranti
614 1270 649 1322 tu
659 1263 750 1324 modo
761 1262 858 1323 crede
871 1262 940 1323 deo.

319 1350 500 1430 Opportuna
509 1365 578 1407 mea
589 1353 638 1407 cst
649 1347 768 1407 cunctis
777 1352 888 1407 natura
896 1348 1021 1426 figuris:

355 1432 390 1493 iu
402 1449 623 1512 quamcumque
633 1428 720 1491 voles
730 1437 829 1509 uerte,
841 1430 973 1491 decorus
983 1450 1049 1493 ero.

315 1515 411 1577 Indue
423 1534 472 1576 me
484 1516 568 1593 Cois,
577 1516 649 1575 iiam
659 1534 721 1575 non
732 1513 809 1575 dura
818 1513 938 1594 puella:

357 1600 474 1679 Meque
484 1600 584 1659 virum
595 1604 715 1678 sumpta
727 1600 795 1676 quis
807 1606 902 1677 neget
913 1617 983 1659 esse
993 1600 1088 1679 toga?

261 1692 295 1745 25
316 1683 361 1742 Da
375 1681 488 1743 falcem
501 1688 534 1743 et
543 1688 627 1742 torto
638 1682 776 1742 frontem
786 1683 861 1742 mihi
873 1685 1040 1763 comprime
1050 1684 1155 1764 faeno,

355 1766 473 1826 iurabis
484 1770 591 1825 nostru
601 1767 738 1843 gramina
749 1773 835 1825 secta
845 1786 944 1828 mauu.

252 1842 261 1859 ‘
315 1851 410 1911 Arma
421 1847 479 1910 tuli
492 1848 645 1929 quondam
655 1856 700 1926 ct,
710 1850 846 1927 memini,
856 1847 1140 1912 laudabarinillisa

239 1998 242 2010 ,
355 1935 467 1995 Corbis
478 1935 511 1994 in
522 1934 657 2013 inposito
669 1932 810 2014 pondere
821 1952 941 1995 messor
952 1953 1046 1997 eram.

315 2016 444 2078 Sobrius
457 2016 496 2079 ad
506 2017 595 2078 lites:
618 2024 649 2076 at
660 2037 728 2077 cum
739 2024 789 2077 est
798 2019 921 2099 inposta
932 2038 1056 2097 corona,

260 2110 296 2164 30
358 2101 510 2164 clamabi
522 2103 616 2182 capiti
626 2102 697 2161 vina
707 2103 827 2163 subisse
838 2120 917 2164 meo.

316 2186 413 2266 Gluge
426 2192 518 2266 caput
528 2188 629 2263 mitra,
641 2188 778 2265 speciem
789 2187 916 2251 furabor
927 2189 1044 2248 iacchi:

352 2270 493 2331 Furabor
503 2270 634 2347 Phoebi,
646 2271 672 2330 si
684 2270 775 2331 modo
786 2268 908 2349 plectra
919 2270 1015 2334 dabis.

314 2354 458 2415 cassibus
471 2354 615 2433 inpositis
626 2372 737 2414 venor:
759 2353 817 2416 ssd
826 2353 999 2415 harundine
1009 2361 1130 2435 sumpta

352 2437 476 2499 Faunus
486 2435 627 2518 plumoso
640 2459 707 2499 sum
718 2437 794 2499 deus
805 2438 944 2518 aucupio.

259 2530 294 2583 35
314 2521 373 2583 Est
384 2524 477 2582 etiarn
490 2523 614 2602 aurigae
626 2523 747 2604 species
758 2523 947 2584 Vertumnus
958 2528 992 2582 et
1002 2524 1078 2601 cius,

354 2606 475 2666 Traicit
487 2606 609 2667 alterno
622 2607 674 2686 qui
686 2604 756 2667 leve
766 2604 888 2685 pondus
898 2625 988 2686 equo.

312 2689 464 2769 Suppetat
475 2691 544 2768 hoc,
556 2692 658 2769 pisces
670 2689 784 2750 calamo
796 2689 981 2770 praedabor,
993 2696 1027 2750 st
1035 2691 1087 2750 ibo

352 2772 488 2832 Mundus
501 2773 642 2833 demissis
654 2773 780 2834 institor
789 2775 822 2834 iu
833 2775 956 2836 tunicis.

310 2855 473 2915 Pastorem
483 2855 522 2915 ad
533 2854 673 2916 baculum
685 2875 810 2935 possum
820 2877 931 2919 curare
942 2855 992 2918 uel
1003 2857 1087 2918 idem
1105 2853 1111 2861 ’

257 2947 293 2999 40
356 2936 520 3019 sirpiculis
530 2937 632 3000 medio
643 2937 774 3020 pulvere
784 2941 872 3001 ferre
883 2961 993 3003 rosam.

308 3019 337 3082 N
338 3042 386 3082 arn
397 3021 473 3102 quid
483 3041 541 3102 ego
552 3021 691 3102 adiciam,
703 3023 742 3084 tle
750 3045 811 3105 quo
819 3026 1115 3086 mibimaximaiama
1122 3032 1182 3104 est,

350 3108 520 3168 Hortorum
534 3108 567 3168 in
578 3110 717 3170 manibus
727 3107 808 3169 dona
818 3110 949 3189 probata
958 3110 1058 3169 meisi
1280 3116 1281 3159 i

291 3243 294 3250 .
310 3189 481 3254 Caeruleus
492 3195 626 3256 cucumis
636 3192 818 3272 tumidoque
829 3194 989 3254 cucurbita
1000 3197 1109 3252 scutrc

349 3276 404 3336 Me
415 3284 503 3336 notat
512 3283 545 3337 et
554 3278 644 3339 iunco
656 3278 792 3338 brassica
801 3278 905 3338 vincta
913 3276 987 3354 levi,

254 3365 289 3420 45
310 3358 376 3420 Nec
388 3361 446 3420 flos
457 3359 538 3421 ullus
550 3362 616 3420 hiat
628 3363 737 3440 pratis,
754 3364 827 3440 quin
838 3360 896 3423 ille
908 3360 1058 3423 decenter

348 3443 502 3523 Inpositus
513 3445 611 3505 fronti
622 3442 769 3523 langueat
777 3453 851 3508 aute
860 3464 957 3508 meae.

250 3581 254 3592 ,
308 3526 351 3586 At
361 3527 447 3603 mibi,
459 3526 543 3604 quod
552 3527 667 3588 formas
678 3548 756 3590 unus
769 3532 915 3592 vertebar
925 3533 960 3593 iu
971 3549 1088 3610 omncs,

348 3609 468 3670 Nomen
479 3611 516 3669 ab
528 3617 641 3670 eventu
654 3614 755 3690 patria
763 3613 868 3691 lingua
879 3615 986 3690 dedit3

306 3693 349 3753 Et
358 3698 402 3771 tu,
413 3693 520 3772 Roma,
532 3695 609 3753 meis
620 3694 758 3754 tribuisti
768 3700 908 3778 praemia
919 3698 1041 3776 Tuscis,
