2717 4325
507 393 827 473 cinnano.
1105 401 1148 475 99

312 563 462 639 Auguste,
478 559 646 619 Hectoreis
658 562 781 638 cagnIte
791 562 889 621 maiar
899 564 973 641 avis,

272 646 374 709 Vince
383 644 476 705 mari:
498 643 558 703 iam
568 650 655 703 terra
665 650 792 705 tuaest:
813 646 872 705 tibi
880 644 995 709 militat
1005 666 1106 728 arcus,

313 728 451 789 Etiavet
461 727 646 789 exhauseris
657 727 718 787 huc
729 746 805 788 onus
817 748 907 789 omne
917 731 1003 790 meis.

274 810 367 873 Salve
379 818 466 872 metu
475 812 615 889 patriam,
630 830 708 889 quac
719 831 801 872 nunc
811 818 844 873 te
854 812 976 874 vindice
987 814 1070 874 freta

312 895 451 975 inposuit
460 912 573 973 prorae
584 892 708 975 publiea
718 902 789 956 vota
798 904 880 958 tuae.

273 979 371 1056 Quum
381 979 441 1039 nisi
453 976 615 1055 defendes,
626 998 785 1045 murorum
794 979 944 1041 Romulus
956 1000 1051 1061 augur

313 1063 363 1123 Ire
373 1060 692 1133 Pnrtinuaanbene
704 1063 781 1131 vidit
792 1082 871 1124 aves.

212 1155 253 1209 45
274 1147 317 1207 Et
327 1146 454 1206 nimium
464 1146 558 1205 ramis
569 1144 685 1207 audent
694 1147 775 1226 proh
786 1153 878 1227 turpe
888 1147 1009 1209 Latinis

313 1230 459 1309 Principe
471 1236 503 1289 te
514 1229 626 1290 fluctus
637 1232 724 1308 regia
734 1229 802 1291 vela
811 1233 885 1310 pati.

274 1313 339 1373 Nec
349 1319 392 1389 tc,
405 1310 489 1392 quod
498 1311 604 1377 classis
617 1314 757 1373 centenis
767 1316 901 1395 remiget
912 1314 980 1394 alis,

316 1396 465 1457 Terreat:
487 1394 710 1460 invitolabitur
721 1396 878 1467 illlamsrl:

275 1478 425 1559 Quodque
435 1481 552 1541 vehunt
563 1498 676 1561 prorae
689 1480 874 1541 Centaurica
884 1501 954 1541 sana
964 1482 1118 1560 minantis,

218 1573 256 1624 50
319 1564 418 1641 Tigna
429 1583 500 1625 cava
512 1570 545 1625 et
554 1566 655 1643 pictos
667 1564 831 1644 experiere
842 1571 951 1625 metus.

273 1646 402 1725 Frangit
411 1654 446 1707 at
455 1645 572 1709 attollit
582 1648 664 1709 vires
675 1649 709 1707 in
718 1646 819 1709 milite
831 1669 940 1724 causa3

315 1731 400 1807 Quae
411 1732 563 1793 nisiiusta
572 1732 691 1809 subest,
702 1733 820 1792 excutit
829 1753 914 1801 arma
924 1732 1033 1813 pudor.

275 1813 410 1893 Tempus
421 1812 520 1891 adast,
531 1815 794 1881 committentes:
816 1835 873 1895 ega
880 1818 1144 1898 temperisanctor

313 1898 427 1958 Ducam
437 1896 592 1976 laurigera
604 1896 682 1959 Iulia
691 1904 794 1959 rostra
803 1906 917 1962 manu?

218 1992 254 2044 55
274 1982 411 2058 Dixerat,
423 1988 456 2042 et
465 1983 632 2062 pharetrae
642 1979 763 2060 pondus
775 1983 927 2042 consumit
937 1984 970 2042 in
980 2000 1085 2045 uena:

313 2065 456 2127 Proxima
468 2071 541 2145 past
551 2085 639 2127 arcus
650 2064 792 2126 Caesaris
804 2066 892 2124 hasta
901 2065 970 2125 fuit.

272 2149 379 2211 Vincit
390 2149 487 2212 Roma
495 2147 559 2211 flue
570 2149 706 2212 Phoebi:
729 2148 782 2209 dat
790 2149 905 2208 femina
915 2167 1047 2229 poenas:

314 2232 446 2312 Sceptra
455 2251 512 2312 per
523 2234 622 2295 lanias
633 2233 733 2294 fracta
743 2233 896 2293 vehuntur
907 2252 1010 2312 aquas.

272 2317 315 2376 At
324 2323 414 2396 pater
422 2315 519 2378 idalio
529 2318 659 2379 miratur
672 2317 786 2378 Caesar
797 2316 834 2376 ab
846 2321 945 2376 astro:

218 2409 254 2463 60
316 2399 402 2460 ‘Sum
413 2399 500 2476 deus,
512 2399 655 2464 etncstri
667 2401 822 2477 sanguinis
834 2398 1004 2462 istaistare

272 2483 476 2562 Prosequitur
482 2490 578 2544 cuntu
590 2483 714 2560 Triton,
725 2501 894 2563 omnesque
903 2484 1039 2542 marinae

312 2566 500 2627 Planserunt
510 2567 592 2629 circa
601 2563 702 2628 libera
712 2568 800 2644 signa
811 2565 897 2628 deae.

271 2648 327 2710 illa
336 2650 418 2730 petit
427 2648 532 2713 Nilum
545 2650 653 2728 cymba
663 2647 744 2718 male
754 2650 825 2709 nina
834 2649 947 2727 fugaci,

313 2731 895 2812 Hocunum‚inssonanm0rituradie.
931 2801 936 2806 Δ

218 2823 252 2878 65
273 2815 448 2876 Dimelins!
472 2824 602 2896 quantus
612 2815 724 2879 mulier
734 2817 820 2877 foret
828 2836 889 2876 una
898 2807 1082 2893 triumphus,

162 2904 173 2912 “
311 2900 428 2960 Ductus
439 2907 508 2960 erat
516 2919 574 2981 per
586 2920 660 2980 qua
671 2906 743 2960 ante
753 2901 900 2978 Iugurtha
908 2900 982 2960 vias.

271 2984 379 3042 Actius
390 2985 463 3043 hinc
473 2985 568 3045 traxit
577 2983 724 3045 Phoebus
734 2985 931 3060 munimenta,
944 2978 1026 3060 quod
1037 2980 1103 3039 eius

311 3067 379 3126 Una
391 3066 500 3130 decem
510 3069 585 3128 vicit
597 3070 689 3128 missa
698 3067 810 3143 sagitta
820 3071 914 3125 rates.

270 3146 360 3209 Bella
371 3151 444 3210 satis
456 3152 571 3212 cecini:
593 3150 741 3212 citharam
751 3148 811 3208 iam
821 3148 922 3228 poscit
933 3141 1047 3224 Apollo

219 3240 253 3296 70
314 3233 424 3295 Victor
435 3240 469 3294 et
479 3234 519 3294 ad
528 3232 667 3315 placidos
678 3231 762 3290 enuit
773 3251 857 3290 arma
867 3229 988 3289 choras.

272 3314 411 3376 Candida
424 3337 506 3378 nnnc
518 3314 605 3378 molli
618 3317 749 3377 subeant
759 3312 897 3373 convivia
905 3310 990 3386 lucc,

311 3397 547 3481 Blanditiaeqne
558 3401 654 3460 fluant
663 3415 721 3478 per
732 3415 801 3456 mea
812 3392 892 3455 colla
903 3411 1004 3469 rosae,

269 3483 413 3563 Vinaque
424 3481 593 3546 fundantur
602 3479 718 3562 praelis
731 3478 807 3540 elisa
816 3476 972 3552 Falernis,

312 3567 440 3647 Terque
451 3566 534 3629 lavet
544 3573 666 3628 nostras
677 3565 762 3643 spica
774 3560 886 3623 Cilissa
898 3577 1007 3619 comas.

219 3657 250 3712 75
271 3650 431 3729 Ingenium
441 3653 523 3732 potis
534 3652 640 3712 irritet
650 3648 741 3710 Musa
750 3647 868 3727 poetis:
921 3721 938 3759 *
