2717 4325
530 401 893 472 PROPERTII

275 627 302 720 θ
316 623 392 721 Νοιι
404 679 462 740 ego
472 679 555 720 nuno
564 659 703 720 Hadriae
714 677 826 722 vereor
837 680 921 721 mare
932 681 1064 725 noacerc
1075 670 1191 749 tecum,

358 743 464 824 Tulle,
474 763 578 823 neque
590 745 714 822 Aegaeo
727 743 842 805 ducere
853 731 922 806 vcia
933 745 1009 825 salo,

316 831 393 889 Cum
405 848 466 908 quo
476 828 633 908 Rhipaeos
643 830 760 909 poaaim
771 829 982 890 conscendere
994 838 1116 894 montea

268 920 272 929 “
355 912 558 991 Ulteriuaque
571 911 678 972 domoa
689 910 804 973 vadere
815 913 1026 990 Memnonem

278 1008 295 1056 5
316 996 381 1056 Sed
392 1014 442 1057 me
455 994 634 1075 complexae
644 1003 843 1057 remorantur
852 999 949 1058 verba
958 998 1093 1080 puellae,

354 1080 539 1159 Mutatoqne
550 1099 658 1158 granea
669 1099 763 1160 aaepe
775 1080 881 1141 colore
890 1099 1012 1162 preces.

313 1162 370 1224 illa
380 1165 456 1224 milri
466 1165 541 1224 totio
555 1169 677 1243 argutat
687 1165 829 1224 noctibus
841 1168 929 1244 ignes

353 1249 397 1308 Et
407 1249 549 1328 queritur
558 1246 661 1308 nulloo
672 1266 743 1309 cuae
753 1248 865 1309 relicta
875 1248 961 1329 deos,

311 1327 367 1392 Illa
377 1351 476 1392 meam
486 1331 563 1391 mihi
573 1332 633 1391 iam
644 1349 679 1392 ae
690 1331 834 1412 denegat,
845 1332 1050 1414 illuminatur,

158 1462 162 1469 .
261 1426 295 1479 10
355 1416 441 1493 Quae
452 1414 535 1478 uolet
545 1417 666 1495 ingrato
681 1417 780 1477 tristia
795 1418 891 1477 amica
903 1420 979 1480 viro.

312 1501 371 1561 Ηίι
382 1519 441 1581 ego
451 1519 514 1561 non
524 1501 632 1559 horam
642 1518 768 1580 pomum
780 1499 894 1562 durare
905 1501 1072 1582 querellis:

353 1586 403 1644 Ah
413 1590 535 1665 pereat,
549 1585 576 1642 ai
587 1585 656 1662 quia
667 1582 772 1645 lentua
784 1603 887 1645 amere
897 1590 1017 1667 potest!

311 1671 361 1728 An
372 1669 448 1728 mihi
461 1669 504 1727 ait
514 1669 593 1727 tanti
604 1666 711 1728 doctas
723 1687 912 1748 cognoscere
923 1672 1062 1733 Atheneo

351 1753 454 1831 Atque
465 1752 558 1811 Asiae
569 1759 693 1812 veteres
706 1772 838 1814 cernere
849 1754 981 1833 divitica,

259 1843 293 1897 15
313 1836 357 1896 Ut
367 1837 443 1895 mihi
454 1834 588 1895 deducta
597 1835 692 1898 faciat
704 1838 839 1900 convicia
849 1840 946 1920 puppi

353 1919 487 1999 Cynthia
497 1921 655 1982 etineania
667 1943 722 1982 ora
732 1929 821 1983 notet
831 1925 982 2002 menibus,

313 2002 488 2087 Osculaque
498 2009 642 2087 opposito
654 2005 737 2067 dicut
750 2009 810 2066 sibi
822 2007 928 2068 debite
937 2014 1031 2068 vento

350 2091 393 2151 nt
403 2092 481 2152 nihil
491 2091 587 2151 infido
599 2090 707 2150 durius
718 2109 789 2150 eree
799 2092 889 2152 viro?
907 2119 908 2123 ,

311 2176 361 2235 Tu
370 2179 473 2256 patrui
483 2178 610 2235 meritas
622 2194 736 2235 conare
748 2178 868 2236 anteire
880 2195 1006 2237 secures

257 2268 293 2320 20
353 2260 395 2319 Et
405 2268 512 2319 vetera
524 2258 630 2319 oblitio
640 2261 709 2319 inre
719 2261 807 2320 refer
817 2262 919 2321 sociis.

309 2341 388 2403 Nam
397 2350 450 2403 tue
460 2362 523 2404 non
533 2349 618 2403 aetas
627 2362 771 2423 umquam
783 2346 914 2408 cessavit
925 2346 1033 2423 amori,

351 2427 482 2508 Semper
493 2432 526 2486 et
538 2436 672 2487 armatae
685 2446 759 2487 cura
768 2429 829 2488 fuit
838 2429 969 2508 petrice,

308 2511 351 2570 Et
361 2512 420 2572 tibi
430 2530 493 2572 non
502 2530 645 2590 umquam
656 2519 781 2571 nostros
791 2530 871 2592 puer
880 2513 941 2572 iate
952 2512 1076 2574 labore
1099 2499 1111 2525 ⁴

237 2642 240 2646 ,
350 2594 483 2655 Adferat
493 2600 527 2654 et
535 2593 672 2654 lacrimis
684 2598 785 2654 omnia
795 2601 870 2655 nota
880 2598 967 2659 mei.

255 2686 290 2738 25
311 2679 366 2738 Me
378 2680 457 2756 aine,
473 2696 565 2757 quem
576 2696 700 2758 semper
708 2677 807 2738 voluit
816 2678 942 2739 fortuna
951 2682 1066 2757 iecere,

350 2761 439 2821 Hanc
453 2763 583 2821 animam
594 2768 752 2822 extremae
762 2761 900 2822 reddere
911 2765 1078 2843 nequitiae.

308 2843 404 2905 Multi
413 2844 583 2924 longinquo
593 2847 721 2925 periere
732 2848 765 2905 in
776 2865 880 2907 amore
890 2845 1037 2925 libenter,

350 2929 385 2988 ln
396 2948 527 3009 quorum
540 2948 669 2990 numero
681 2950 731 2991 me
743 2948 866 3011 quoquc
876 2937 964 2992 terra
973 2937 1067 3009 tegat.

307 3012 377 3073 Non
389 3032 447 3092 ego
459 3032 526 3073 sum
535 3011 631 3093 laudi,
643 3034 706 3075 non
717 3020 807 3075 natur
817 3015 948 3076 idoneus
959 3016 1066 3075 ormia:

253 3104 290 3159 30
349 3097 438 3158 Hane
449 3117 498 3157 me
509 3096 650 3159 militiam
660 3100 724 3159 futu
735 3101 840 3160 subire
850 3099 965 3160 volunt.

308 3180 352 3240 At
361 3187 395 3241 tu
407 3200 462 3242 seu
473 3181 577 3244 mollia
588 3204 649 3263 qna
658 3184 762 3244 tendit
772 3184 857 3243 ionic
868 3192 924 3245 seu
935 3204 994 3263 qua

348 3266 448 3345 Lydio
459 3266 579 3327 Pactoli
588 3270 683 3346 tingit
694 3274 779 3327 arata
789 3268 904 3347 liquor,

308 3348 371 3409 Seu
381 3349 513 3429 pedibus
523 3358 626 3411 terrea
637 3370 692 3411 aen
705 3358 833 3432 pontum
845 3370 974 3433 carpere
984 3352 1080 3413 remia

347 3436 409 3495 [bie
421 3444 455 3496 et
466 3437 585 3516 accepti
595 3455 669 3517 pera
680 3438 743 3496 erio
757 3438 892 3517 imperii,

253 3524 287 3579 35
310 3516 390 3578 Tum
403 3521 463 3580 tibi
474 3519 500 3577 ai
511 3538 572 3597 quo
581 3522 643 3579 mei
654 3521 760 3579 veniet
770 3539 832 3580 non
843 3522 995 3582 inmemor
1006 3522 1094 3598 hora,

348 3602 464 3671 Vivere
475 3621 524 3662 me
536 3601 614 3663 duro
626 3601 731 3662 ridere
743 3609 846 3669 certua
858 3605 930 3665 eria.
