2717 4325
510 387 868 470 indiuiduos.
1069 399 1072 402 ’
1155 410 1192 472 13

185 578 300 640 Nescio
321 575 396 657 quid
414 575 546 637 furtivus
567 593 653 634 umor
672 581 772 656 purat.
794 581 884 636 utere
908 595 1039 656 quaeso,
1160 583 1193 639 75

227 663 305 723 Dum
325 660 416 724 licet:
437 663 471 722 iu
490 657 610 739 liquido
630 667 685 722 nat
705 661 764 720 tibi
782 659 878 721 linter
900 680 986 739 uquu.

589 791 779 798 u-n-....-...
787 794 791 798 .

654 876 713 942 VI.

67 1012 68 1019 ’
184 968 338 1080 Semper,
357 1003 392 1057 ut
412 994 560 1074 inducor,
580 993 711 1056 blundoo
733 997 829 1058 oilero
851 997 926 1056 mihi
946 995 1065 1078 vultus,

226 1085 301 1144 Post
322 1087 426 1142 tumen
445 1099 479 1142 οι
500 1081 615 1142 misero
637 1081 737 1142 triotio
757 1087 790 1142 et
811 1099 918 1161 asper,
939 1082 1044 1144 Amor.

183 1168 266 1250 Quid
286 1169 345 1228 tibi
366 1167 514 1228 suevitiue
535 1184 655 1226 mecum
678 1166 750 1227 est?
773 1185 811 1225 un
832 1164 930 1244 glorio
952 1184 1060 1245 magno
1079 1177 1127 1228 ent

225 1250 355 1315 lnoidiuo
375 1252 493 1312 homini
515 1252 723 1332 composuisse
746 1249 860 1310 deum?

184 1339 262 1399 Num
283 1337 359 1397 mibi
378 1335 549 1396 tenduntur
569 1353 686 1398 οιιιοιι
708 1337 768 1396 ium
790 1333 882 1395 Delie
902 1335 1010 1396 furtim
1176 1349 1193 1399 5

227 1421 341 1483 Neooio
366 1439 457 1500 quem
477 1420 571 1480 tueitu
592 1418 705 1481 oullidu
725 1427 819 1482 noete
841 1421 935 1481 fovet.

184 1507 241 1570 lllu
263 1503 388 1587 quidem
408 1510 471 1566 tum
490 1502 587 1565 multu
608 1510 718 1585 negot,
746 1502 804 1566 oed
825 1503 957 1566 eredere
977 1503 1087 1565 durum
1109 1512 1171 1566 est:

226 1592 278 1653 Sio
299 1591 391 1652 etium
413 1589 453 1651 de
474 1608 525 1650 oue
545 1595 698 1670 pernegat
716 1609 814 1670 usque
837 1591 914 1651 viro.
1038 1646 1044 1660 ,

184 1678 255 1758 lpse
277 1677 372 1736 miser
394 1674 504 1754 docui,
527 1694 587 1753 quo
608 1682 716 1756 posset
734 1673 847 1736 ludere
863 1678 954 1755 puoto

227 1759 397 1822 Custodem
419 1760 561 1820 heuheu
583 1779 665 1820 nuno
686 1779 813 1841 promor
835 1766 903 1820 erte
925 1778 1001 1820 mee.
1159 1771 1193 1824 10

183 1845 319 1924 Fingere
338 1851 412 1906 tunc
433 1843 545 1905 didicit
566 1863 687 1924 οιιιιιι,
709 1852 744 1906 ut
765 1843 830 1905 nolu
852 1846 995 1923 cubaret,

227 1929 362 1991 cardine
384 1935 458 1990 tune
478 1929 574 1990 tuoito
596 1937 721 1991 vertere
742 1947 835 2011 poene
857 1931 958 1990 forest

185 2015 275 2075 Tunc
297 2032 405 2074 succos
427 2013 604 2094 herbaeque
627 2013 717 2094 dedi,
736 2015 804 2094 quio
826 2013 905 2075 livor
925 2015 1043 2093 obiret,

228 2100 326 2177 Quem
346 2097 423 2158 fucit
444 2098 597 2179 impresso
616 2105 721 2160 mutuo
744 2099 839 2160 deute
862 2099 976 2160 Venno.

184 2186 227 2252 At
247 2192 297 2262 tu,
319 2180 438 2243 lallueio
460 2183 594 2245 coniunx
613 2185 737 2245 luouute
757 2182 898 2265 puellae,
1159 2194 1190 2258 lb
1260 2242 1263 2251 ,

226 2269 281 2329 Μο
304 2286 426 2348 quoque
448 2273 589 2347 uervuto,
608 2274 721 2348 peccet
740 2274 775 2328 nt
794 2266 851 2328 ille
872 2265 960 2327 nihil.

184 2353 252 2413 Neu
273 2355 399 2413 iuvene·
421 2350 565 2413 celebret
585 2350 683 2413 multo
706 2371 866 2431 sermone,
890 2357 1012 2429 caveto,

227 2438 312 2497 Neve
335 2438 430 2496 cubet
446 2435 515 2496 luno
537 2443 647 2515 pectus
670 2443 779 2516 operte
801 2439 885 2515 sinu,

184 2523 251 2582 Neu
272 2527 306 2582 te
323 2519 460 2600 decipiet
479 2526 573 2600 nutu,
595 2520 755 2601 digitoque
776 2520 931 2601 liquorem

226 2606 273 2665 Ne
293 2605 398 2665 trubut
416 2610 450 2665 et
469 2622 594 2665 meusne
616 2603 709 2666 duent
726 2607 760 2666 iu
782 2607 858 2666 orbe
880 2612 976 2667 notun.
1051 2645 1055 2653 ·
1157 2613 1192 2667 ιθ

185 2690 290 2752 Exibit
313 2708 402 2769 quum
422 2706 532 2769 saepe,
554 2690 648 2769 time,
670 2708 725 2751 ιοι
746 2691 848 2751 visere
870 2687 954 2751 dicet

227 2774 322 2835 Sucro
337 2774 441 2833 Bonae
461 2775 597 2835 muribus
616 2794 679 2835 non
701 2772 841 2835 adeunde
862 2772 949 2834 dene.

186 2859 324 2919 etmihi
345 2859 372 2918 oi
394 2857 522 2937 eredes,
543 2857 629 2920 illum
650 2876 764 2938 sequar
785 2878 862 2919 ιιιιιιι
885 2856 924 2918 ud
946 2878 1030 2921 eruo:

228 2943 317 3002 'luno
339 2942 415 3002 mibi
436 2962 499 3003 non
520 2942 618 3005 oculis
639 2944 681 3005 uit
701 2944 841 3004 timuiuue
861 2944 947 3004 meio.

186 3026 303 3107 Saepe,
324 3026 411 3088 velut
431 3027 565 3107 gemmeo
587 3030 653 3089 eiu·
675 3029 859 3107 signumque
878 3029 1059 3109 probarem,
1157 3035 1190 3088 25

226 3112 290 3172 Per
311 3130 432 3172 eausam
454 3113 580 3173 memini
599 3130 649 3173 me
672 3114 814 3191 tetigisse
836 3131 973 3172 menum:

185 3196 285 3276 Saepe
307 3215 394 3257 mero
414 3215 553 3257 somnum
574 3198 685 3278 peperi
705 3197 781 3275 tibi,
803 3203 835 3256 ut
855 3198 922 3277 ipoe
944 3196 1085 3256 bibebam

227 3281 338 3342 Sobria
360 3283 519 3362 ouppooitu
539 3280 650 3361 poeula
669 3282 770 3341 vietor
791 3300 879 3360 uque.

185 3365 254 3425 Non
273 3384 330 3444 ego
352 3371 386 3425 te
407 3365 486 3428 loesi
506 3364 659 3446 prudeus:
682 3366 809 3445 ignosce
830 3365 951 3426 latenti.

227 3451 318 3510 lussit
339 3451 451 3513 Amore
472 3457 579 3511 contre
603 3452 670 3531 quio
691 3451 774 3511 feret
793 3470 875 3510 orme
898 3447 995 3509 deon?
1158 3455 1192 3509 30

186 3534 244 3594 ille
267 3554 325 3614 ego
347 3555 430 3615 oum,
451 3555 510 3595 nec
531 3554 581 3596 me
599 3538 659 3597 ium
682 3534 787 3596 dicere
806 3554 879 3597 veru
900 3532 1044 3614 pudebit,

228 3619 365 3681 Instabat
386 3627 452 3681 totu
471 3622 521 3681 eui
541 3627 594 3680 tuu
615 3626 709 3681 nocte
731 3622 823 3681 cunio.

189 3702 270 3780 Quid
292 3710 402 3765 tenero
420 3706 478 3766 tibi
500 3705 630 3783 coniuge
651 3705 752 3785 opus?
773 3710 826 3764 tuo
848 3702 874 3761 ui
894 3703 975 3761 bonu
996 3701 1097 3763 neeoio
