2717 4325
401 439 548 501 uranum
570 441 777 522 uruntur)
797 441 864 506 nu.
881 443 931 505 111.
949 456 976 509 a.
1030 405 1032 414 ’
1139 445 1180 510 4³

174 611 335 669 Armenias
355 611 453 688 tigres
473 616 506 670 et
522 609 621 671 fulvas
645 609 703 670 ille
725 609 849 672 leaenas
1148 622 1182 680 15

216 693 301 755 Vicit
322 700 355 753 et
375 692 534 754 indomitis
556 693 663 755 mollia
684 693 778 756 corda
800 694 895 757 dedit.
937 711 939 716 ’

172 778 259 838 Haec
277 779 374 838 Amor
396 786 429 839 et
449 780 565 839 maiora
585 777 676 840 valet.
700 777 757 840 aed
777 783 897 861 poscite
919 781 1033 842 Bacchi

214 862 363 922 Munera:
386 881 476 943 quem
498 870 635 924 vestrum
656 863 767 944 pocula
790 865 871 926 sicca
889 866 1015 926 iuvant?

172 947 326 1007 Convenit
346 965 385 1008 ex
406 966 504 1027 aequo
525 965 585 1008 uec
605 953 713 1009 torvus
733 950 830 1010 Liber
851 951 883 1010 in
904 948 986 1028 illis,

216 1032 275 1106 Qui
296 1049 331 1091 se
351 1033 465 1112 quique
486 1053 547 1094 una
568 1035 638 1092 vina
658 1033 763 1094 iocosa
785 1031 907 1096 colunt:
1145 1046 1180 1098 20

172 1115 326 1175 Convenit
346 1118 443 1178 iratus
465 1118 592 1178 nimium
610 1118 799 1196 nimiumque
821 1137 962 1180 severos:

215 1200 274 1274 Qui
295 1201 385 1261 timet
406 1203 480 1261 irati
503 1203 627 1262 numina
645 1220 771 1280 magna,
793 1203 889 1264 bibat.

172 1281 286 1358 Quales
308 1284 357 1344 his
377 1304 494 1365 poenas
517 1283 617 1364 qualis
638 1291 831 1365 quantusque
853 1287 1005 1364 minetur,

215 1365 369 1428 Cadmeae
387 1370 494 1429 matris
514 1368 631 1449 praeda
649 1377 778 1430 cruenta
799 1368 900 1432 docet.

171 1449 235 1511 Sed
254 1449 364 1530 procul
385 1473 403 1512 a
422 1453 512 1513 nobis
531 1455 582 1513 hic
604 1455 646 1514 sit
666 1456 776 1534 timor,
798 1452 932 1534 illaque,
953 1456 1040 1535 siqua
1061 1460 1125 1533 est,
1145 1463 1180 1516 25

214 1534 295 1611 Quid
316 1535 418 1596 valeat
436 1536 515 1597 laesi
536 1540 650 1598 sentiat
670 1540 717 1600 ira
739 1537 799 1598 dei.

171 1619 253 1698 Quid
273 1639 388 1700 precor
408 1622 448 1680 ah
470 1620 621 1682 demensi
641 1624 726 1683 venti
749 1623 916 1683 temeraria
936 1629 1021 1700 vota,

212 1707 327 1766 Aeriae
348 1713 381 1766 et
400 1707 499 1767 nubes
521 1705 698 1788 diripienda
715 1707 834 1767 ierant.

173 1789 316 1866 Quamvis
336 1787 421 1850 nulla
440 1792 502 1850 mei
524 1798 669 1871 superest
689 1791 749 1851 tibi
771 1811 861 1867 cura,
884 1791 1020 1867 Neaera,

214 1873 264 1932 Sis
283 1870 378 1950 felin,
398 1880 432 1933 et
453 1876 517 1934 siut
538 1873 669 1935 candida
690 1875 754 1936 iata
776 1880 837 1935 tua.

171 1960 214 2017 At
235 1977 292 2017 nos
314 1976 442 2018 securae
464 1957 629 2018 reddamus
653 1964 795 2039 tempora
817 1974 957 2017 mennae:

212 2042 310 2103 Venit
330 2047 403 2121 post
420 2040 533 2102 multos
554 2061 614 2102 una
635 2059 747 2101 serena
770 2041 846 2101 dies.

169 2127 232 2187 Hei
253 2127 345 2204 mihi,
368 2123 499 2186 difficile
521 2131 570 2186 est
590 2126 707 2186 imitari
729 2122 838 2204 gaudia
859 2120 955 2202 falsa,

212 2208 350 2271 Difficile
373 2216 422 2270 est
441 2212 526 2271 tristi
547 2211 667 2289 tingere
687 2216 791 2269 mente
812 2210 929 2285 iocum,

169 2295 235 2356 Nec
256 2296 338 2355 bene
355 2292 497 2354 mendaci
515 2294 595 2355 risus
618 2295 812 2375 componitur
836 2310 907 2371 ore,

211 2379 277 2438 Nec
298 2379 380 2438 bene
398 2376 542 2440 sollicitis
564 2380 651 2439 ebria
671 2379 767 2439 verba
784 2383 903 2437 sonant.

169 2462 252 2540 Quid
275 2480 391 2541 queror
411 2460 544 2522 infelix?
563 2468 673 2543 turpes
694 2459 846 2521 discedite
867 2477 973 2520 curae:

212 2546 289 2607 Odit
309 2548 450 2607 Lenaeus
472 2547 576 2606 tristia
595 2548 690 2606 verba
711 2555 810 2625 pater.

169 2632 303 2707 Gnosia,
327 2630 470 2690 Theseae
494 2628 647 2708 quondam
668 2630 806 2709 periuria
826 2627 951 2705 lInguae

211 2714 343 2774 Flevisti
364 2716 470 2793 ignoto
492 2711 559 2773 sola
580 2710 693 2773 relicta
714 2713 808 2772 mari:

171 2798 222 2858 Sic
245 2799 360 2858 cecinit
380 2817 438 2877 pro
460 2804 493 2858 te
515 2797 640 2874 doctus,
664 2797 783 2873 Minoi,
806 2792 961 2855 Catullus·

213 2882 328 2960 ingrati
344 2883 488 2943 referens
508 2883 603 2963 impia
622 2882 705 2941 facta
726 2881 794 2940 viri.

171 2965 235 3028 Vos
258 2983 316 3044 ego
336 2984 418 3026 nuuc
439 2986 568 3027 moneo:
590 2963 685 3043 felix,
709 2966 884 3045 quicunque
906 2960 1018 3023 dolore

212 3047 353 3109 Alterius
375 3049 477 3109 disces
498 3069 591 3131 posse
614 3068 724 3109 carere
745 3055 810 3108 tuo.

170 3134 235 3195 Nec
256 3153 309 3194 vos
332 3140 384 3193 aut
404 3134 526 3212 capiant
543 3131 714 3214 pendentia
734 3130 861 3192 brachia
882 3127 961 3189 eollo

213 3219 276 3279 Aut
296 3216 384 3278 fallat
404 3212 517 3277 blanda
538 3216 663 3277 sordida
683 3216 789 3294 lingua
809 3229 913 3294 prece.

168 3303 239 3364 Etsi
257 3320 378 3383 perque
400 3321 472 3362 suos
494 3299 589 3361 fallax
609 3301 722 3361 iuravit
743 3297 860 3359 ocellos

213 3387 422 3466 Iunonemque
445 3405 529 3445 suam
550 3402 671 3465 perque
691 3402 775 3445 suam
796 3384 973 3455 Venerem,

170 3468 263 3532 Nulla
281 3469 360 3531 fides
380 3471 492 3530 inerit:
514 3470 653 3550 periuria
674 3468 759 3529 ridet
781 3470 934 3527 amantum

214 3556 353 3635 iuppiter
375 3560 408 3613 et
427 3560 536 3614 ventos
556 3553 647 3613 irrita
665 3553 752 3613 ferre
773 3552 870 3611 iubet.

67 3687 68 3718 a
170 3639 254 3718 Ergo
278 3638 352 3718 quid
373 3625 499 3699 totiens'
511 3634 634 3697 fallacis
652 3638 747 3697 rerba
768 3632 893 3714 puellae

214 3722 422 3803 Conqueror‘i
443 3723 487 3782 ite
510 3732 614 3801 ame,
636 3722 717 3781 seria
738 3720 850 3797 verba,
871 3712 992 3798 procul.
1107 3757 1110 3763 -
