2717 4325
201 399 276 461 14.
438 394 654 459 -onronnr
675 394 934 481 curnem.

281 566 432 627 Nimirum
445 564 527 626 idem
544 582 650 627 omnen
664 563 818 642 inllimur,
836 582 940 645 neque
959 572 1010 627 eet
1029 568 1193 649 quinquen,

283 650 381 725 Quem
401 650 513 710 nonin
531 646 635 728 ulique
654 666 691 709 re
711 648 820 711 videre
840 649 1000 711 Suffenum
1019 688 1031 707 ,«

225 742 261 795 20
280 732 394 795 Pourir.
420 752 492 794 auur
513 734 624 812 mique
645 734 811 794 attributor
831 740 882 794 eut
901 752 1007 795 error:

284 816 348 878 Sed
366 836 430 877 nou
448 815 604 894 videmur,
626 817 777 877 montione
798 816 884 897 quod
900 819 935 878 in
955 825 1044 896 tergo
1066 823 1121 877 ert.
1235 811 1242 827 ⁰

632 996 766 1061 XXIH.

247 1176 248 1179 Ἴ
307 1066 427 1179 Fumi,
448 1102 498 1162 eui
516 1120 619 1183 neque
638 1120 745 1163 nervus
766 1109 815 1164 eet
833 1121 934 1182 neque
957 1123 1028 1162 rrou

303 1186 369 1246 Neo
391 1186 489 1247 cimex
510 1205 611 1265 neque
632 1204 762 1248 urrneur
783 1204 885 1266 neque
903 1187 998 1264 ignis,

302 1270 419 1333 Verum
440 1274 542 1329 estet
562 1276 652 1349 puter
673 1277 706 1330 et
727 1288 875 1348 noverea,
898 1289 1026 1349 quorum

303 1354 420 1413 Denter
441 1350 490 1413 vel
512 1352 631 1414 uilicum
653 1371 792 1414 comesse
811 1360 956 1434 possunt,

269 1437 363 1497 onst
383 1434 512 1515 pulchre
533 1438 592 1498 tibi
614 1457 682 1498 eum
704 1444 757 1497 tuo
777 1445 907 1517 ponente

304 1521 434 1581 Etcum
457 1521 585 1599 coniuge
606 1520 711 1599 ligneo
730 1522 878 1601 parentio.

304 1603 370 1663 Neo
392 1604 516 1666 mirum:
538 1605 618 1665 hene
639 1624 709 1663 num
730 1603 840 1664 valetis
862 1622 983 1681 omnen,

304 1685 440 1747 Pulchre
462 1689 667 1767 concoquitis,
686 1686 767 1747 nihil
784 1688 918 1767 timetis,

303 1770 373 1830 Non
392 1769 551 1849 incendia,
570 1790 632 1831 non
653 1790 761 1850 graver
781 1772 902 1850 ruinae,

250 1864 284 1916 10
305 1854 374 1913 Non
393 1853 475 1913 sueto
494 1854 604 1934 impio,
625 1874 689 1915 non
710 1852 799 1915 dolor
819 1856 945 1932 veneni,

304 1936 374 1997 Non
392 1955 478 1997 eunus
499 1935 574 1997 ulios
595 1936 814 2017 periculorum.

303 2020 398 2097 Atqui
419 2039 549 2099 corporo
570 2022 701 2081 sicciore
723 2041 819 2082 cornu
937 2057 942 2066 ·
973 2093 977 2100 Ι

305 2105 368 2166 Aut
389 2102 492 2184 riquid
509 2106 604 2185 mugio
622 2104 739 2166 aridum
758 2110 807 2165 est
826 2102 947 2165 hubetir

303 2186 378 2249 Sole
399 2195 433 2248 et
451 2188 570 2268 frigore
591 2195 625 2249 et
645 2189 839 2251 eounritione.

252 2282 281 2334 15
304 2273 405 2348 Quare
426 2290 489 2330 non
508 2272 567 2332 tibi
588 2273 629 2332 nit
648 2273 729 2331 bene
751 2290 787 2329 uc
807 2269 921 2331 brute?

304 2357 333 2416 A
352 2361 385 2415 te
405 2352 500 2414 endor
522 2354 625 2431 ebert,
646 2355 734 2415 obesi
754 2351 862 2431 sellun,

303 2438 475 2516 Mueusque
497 2444 531 2499 et
549 2437 629 2498 mule
650 2439 762 2519 pituita
782 2438 858 2498 nuri.

303 2522 391 2582 Hono
412 2522 450 2582 ud
469 2521 650 2583 munditiem
669 2521 748 2582 udde
760 2519 977 2597 mundiorem,

305 2605 394 2681 Quod
415 2604 499 2665 culus
520 2607 579 2667 tibi
599 2607 707 2686 purior
728 2603 830 2666 eulillo
853 2610 917 2680 eut,

249 2699 285 2751 20
304 2688 369 2750 Neo
389 2694 454 2748 toto
476 2687 581 2748 decies
602 2707 691 2748 cucur
709 2688 743 2746 in
764 2705 860 2763 anno,

304 2773 408 2850 Atque
429 2771 463 2831 id
484 2770 589 2831 duriur
611 2777 659 2830 ert
679 2770 751 2829 fobu
771 2775 805 2829 et
823 2766 955 2850 lapillis,

305 2853 394 2931 Quod
415 2862 448 2915 tu
469 2856 496 2915 ri
516 2855 654 2914 manibus
674 2859 758 2916 terro
779 2852 952 2932 ilicesque,

304 2938 375 2998 Non
394 2957 526 3017 unquam
546 2938 674 3016 digitum
693 2937 854 3015 inquinare
876 2953 992 3015 posuer.

304 3022 391 3081 Haeo
411 3028 447 3083 tu
467 3019 624 3082 commodo
646 3022 834 3097 tumberto,
854 3020 948 3098 Furi,

249 3117 283 3170 25
305 3105 377 3167 Noli
397 3124 546 3184 spernere
566 3123 624 3172 nee
645 3110 754 3184 putare
774 3105 877 3184 parvi,

303 3191 346 3252 lot
366 3191 510 3251 sestertia
530 3206 608 3268 qnae
629 3185 711 3248 soler
730 3187 853 3267 precari

306 3276 437 3335 (lentum
459 3273 580 3335 desine:
600 3290 669 3330 num
690 3271 765 3330 rutis
786 3270 913 3330 beutu'u.

635 3451 764 3517 XXIV.

310 3521 340 3615 ll
364 3560 415 3636 qui
433 3557 578 3620 iiorouluu
599 3575 634 3618 er
655 3555 878 3631 quentiorum,

308 3642 376 3702 Non
396 3645 504 3705 horum
521 3642 632 3721 modo,
653 3639 710 3701 red
731 3644 876 3720 quoteni
894 3636 1021 3698 fuerunt
