2717 4325
514 399 659 460 TlBULLI
678 400 748 461 LIB.
765 401 801 462 ll.
819 413 845 468 6.

189 569 276 631 lllius
297 568 336 629 ad
358 568 509 630 tumulum
530 569 645 648 fugiam
667 568 858 649 supplexque
881 570 998 631 sedebo

230 655 272 713 nt
292 672 448 714 meseum
468 660 553 713 muto
574 653 638 712 fata
659 671 774 732 querar
797 655 913 714 cinere.

189 737 258 799 Non
277 737 364 797 leret
380 755 478 816 usque
501 756 588 797 suurn
611 744 643 797 te
664 745 796 818 propter
818 737 896 800 flere
919 738 1081 798 clientem:
1159 748 1193 802 35

231 819 318 882 lllius
337 828 372 882 ut
393 823 512 898 verbis,
534 822 576 882 sis
596 823 671 882 milri
691 821 777 882 lenta
799 827 889 900 veto,

188 905 235 965 Ne
257 906 315 965 tibi
336 902 471 984 neglecti
492 907 616 965 mittant
637 904 717 966 mala
737 906 854 966 somnia
873 906 999 984 Manes,

230 989 412 1069 Maestaque
433 991 552 1070 sopitae
573 995 637 1050 stet
658 1009 748 1049 soror
771 996 843 1049 ante
865 996 983 1068 torum,

189 1072 296 1150 Qualis
318 1075 354 1135 ab
377 1072 500 1135 excelsa
515 1092 666 1155 praeceps
689 1072 816 1152 delapsa
837 1074 976 1134 fenestra

231 1158 327 1221 Venit
348 1157 387 1218 ad
406 1158 547 1218 infernos
568 1155 804 1235 sanguinolenta
823 1156 918 1217 lacus.
1160 1167 1194 1220 40

189 1243 320 1320 Desino,
341 1260 381 1302 ue
404 1241 544 1301 dominae
565 1239 668 1300 luctus
690 1246 878 1301 renoventur
900 1242 1019 1300 acerbi:

231 1326 301 1386 Non
321 1344 378 1404 ego
401 1345 467 1384 snm
488 1325 587 1401 tanti,
606 1323 713 1405 ploret
733 1330 768 1384 ut
788 1323 844 1384 illa
862 1324 967 1385 semel.

190 1411 254 1471 Nec
276 1409 413 1469 lacrimis
435 1407 541 1468 oculos
563 1408 653 1486 digna
675 1415 724 1468 est
746 1407 883 1483 foedare¹
896 1408 1059 1488 loquaces:

231 1494 317 1554 Lena
335 1499 429 1553 nocet
449 1493 555 1571 nobis,
576 1493 642 1572 ipsa
662 1491 767 1573 puella
788 1493 868 1553 bona
890 1500 948 1553 est.

189 1578 274 1640 Lena
295 1583 379 1638 vetat
399 1578 545 1637 miserum
566 1576 694 1656 l’hryne
715 1578 884 1656 furtimque
906 1572 1039 1637 tabellas
1088 1623 1093 1634 .
1160 1585 1193 1638 45

232 1659 363 1723 Occulto
384 1668 512 1743 portans
530 1662 619 1740 itque
639 1660 786 1741 reditque
806 1662 890 1721 sinu:

190 1748 309 1829 Saepe,
330 1764 388 1826 ego
407 1765 475 1806 cum
497 1743 638 1806 dominae
660 1743 768 1806 dulces
791 1765 807 1804 a
828 1744 936 1806 limine
958 1744 1036 1804 duro

232 1833 373 1910 Agnosco
394 1849 500 1908 voces,
520 1830 598 1890 haec
615 1835 709 1909 negat
730 1847 798 1890 csse
818 1829 917 1889 domi:

192 1915 308 1996 Saepe,
327 1914 379 1973 uhi
400 1933 460 1974 nox
480 1915 630 1995 promissa
651 1914 726 1973 mihi
749 1919 812 1991 est,
833 1913 983 1992 languere
1003 1909 1138 1991 puellam

233 1999 361 2059 Nuntiat
379 2003 431 2057 aut
452 1996 569 2077 aliquas
590 1999 766 2057 extimuisse
788 1998 894 2058 minas.
1160 2003 1195 2055 50

192 2082 282 2145 Tunc
303 2082 419 2142 morior
440 2083 539 2160 curis,
562 2086 635 2142 tunc
656 2099 744 2140 mens
765 2081 840 2140 milri
861 2078 984 2161 perdita
1005 2080 1110 2158 lingit,

235 2169 349 2245 Quisve
367 2185 466 2228 meam
487 2172 609 2244 teneat,
632 2172 708 2245 quot
728 2171 871 2226 teneatue
893 2164 1008 2225 modis:

194 2252 284 2315 'lunc
305 2252 380 2327 tibi,
400 2250 488 2329 lena,
510 2269 623 2331 precor
647 2250 748 2310 diras:
771 2251 846 2310 satis
867 2250 955 2309 anxia
971 2250 1069 2325 vivan

234 2336 371 2398 Moverit
390 2355 408 2395 e
430 2337 510 2396 rotis
531 2354 602 2415 pars
625 2342 839 2413 quotacunque
862 2332 947 2394 deos.

544 2592 850 2607 m
