2717 4325
173 401 208 459 10
513 396 659 457 TlllllLLl
681 395 748 457 ΗΒ.
765 394 787 455 l.
803 405 831 458 4.

169 565 252 644 Nee,
273 565 349 628 velit
370 563 492 626 insidiis
514 562 591 625 altas
613 565 640 624 si
663 562 809 624 claudere
828 561 941 641 valles,

211 651 290 711 llum
309 649 449 730 placeas,
469 649 590 710 humeri
611 650 693 710 retia
713 649 799 708 ferre
821 654 946 726 negent.
1136 660 1171 711 5ο

167 735 202 795 Si
224 732 311 795 volet
330 753 430 811 arma,
448 730 511 793 levi
531 734 665 793 tentabis
685 730 796 793 ludere
818 732 941 793 dextra:

212 820 313 899 Saepe
335 817 423 878 dabis
442 815 574 896 nudum,
595 819 697 877 vineat
717 824 751 877 ut
773 815 844 894 ille,
867 816 958 876 latus.

170 904 259 964 Tunc
280 903 339 963 tibi
359 903 443 962 mitis
465 903 542 983 erit,
563 902 663 981 rapias
683 907 748 962 tum
771 920 841 960 earu
860 899 970 960 licebit

211 985 339 1048 Oscula:
360 987 524 1066 pugnabit,
546 985 602 1047 sed
623 991 726 1046 tamen
749 991 820 1065 apta
841 983 935 1044 dabit.
1146 1045 1161 1060 ,

167 1071 267 1152 Rupta
289 1069 375 1129 dabit
394 1071 511 1151 primo,
530 1091 600 1132 mou
620 1070 733 1130 afferet
753 1070 821 1149 ipse
842 1071 980 1148 roganti,
1135 1080 1168 1131 55

209 1157 285 1215 Post
305 1155 397 1214 etiam
419 1152 501 1215 collo
524 1174 558 1215 se
579 1152 768 1234 implicuisse
790 1151 881 1214 volet.

165 1241 238 1300 lleu
258 1237 337 1300 male
360 1258 440 1300 nuuc
462 1247 545 1299 artes
567 1239 694 1298 miserus
714 1238 790 1298 haec
809 1235 930 1298 saecula
949 1241 1097 1298 tractant:

210 1325 271 1383 lam
294 1329 386 1384 tener
407 1325 540 1383 assuevit
561 1340 689 1382 munera
711 1319 792 1382 velle
813 1339 899 1401 puer.
1107 1315 1114 1319 “

167 1410 212 1482 At
229 1409 375 1486 tua,.qui
397 1407 553 1469 Venerem
572 1405 706 1466 docuisti
726 1403 862 1466 vendere
883 1404 1016 1484 primus,

209 1492 355 1572 Quisquis
377 1510 428 1568 es,
449 1489 560 1550 infelix
580 1496 691 1568 urgeat
709 1507 777 1548 ossa
796 1485 885 1568 lapis.
1135 1497 1170 1550 60

167 1573 323 1653 Pieridas,
343 1575 451 1655 pueri,
474 1572 581 1635 doctos
603 1582 635 1634 et
656 1579 754 1634 amate
775 1578 899 1653 poetas,
1100 1583 1101 1586 ’

210 1660 313 1718 Aurea
333 1676 391 1717 nec
413 1664 561 1737 superent
582 1676 709 1718 munera
729 1655 880 1717 Pieridas.

167 1743 312 1803 Carmine
333 1760 490 1822 purpurea
513 1748 561 1801 est
581 1743 648 1802 Nisi
671 1760 771 1802 coma:
795 1741 928 1802 carmina
946 1740 979 1799 ni
1001 1741 1078 1818 sint,

210 1827 257 1886 Ex
277 1826 406 1884 humero
425 1821 553 1905 Pelopis
574 1844 636 1884 nou
656 1826 800 1886 nituisset
820 1825 906 1886 ebur.

163 1911 265 1987 ,Quem
285 1910 427 1970 referent
447 1908 572 1987 Musae,
594 1910 690 1988 vivet,
713 1908 784 1970 dum
805 1910 919 1969 robora
939 1907 1050 1985 tellus,
1135 1919 1168 1972 65

208 1995 287 2062 Dum
309 1992 427 2054 eaelum
449 1991 576 2071 stellas,
597 1991 668 2053 dum
687 1995 780 2054 vehet
802 1993 898 2052 amnis
920 2012 1022 2070 aquas.

166 2079 209 2138 At
231 2079 283 2156 qui
304 2097 367 2137 non
388 2075 474 2136 audit
494 2078 616 2155 Musas,
640 2079 692 2156 qui
711 2075 818 2137 vendit
839 2095 991 2154 amorem,

210 2160 318 2222 idaeae
341 2182 448 2221 currus
470 2159 526 2223 ille
549 2168 695 2240 sequatur
719 2161 795 2241 Opis

166 2247 209 2307 Et
228 2253 425 2306 tercentenas
446 2248 605 2307 erroribus
628 2243 752 2326 expleat
774 2246 859 2305 urbis

207 2331 249 2390 Et
271 2337 357 2391 secet
378 2328 416 2388 ad
438 2330 591 2409 Phrygios
612 2328 685 2389 vilia
704 2331 842 2389 membra
863 2328 979 2391 modos.
1133 2336 1168 2392 to

164 2412 328 2473 Blanditiis
347 2412 414 2473 vult
435 2433 506 2475 esse
526 2414 629 2475 locum
650 2414 756 2476 Venus
778 2415 858 2493 ipsas
880 2413 1015 2493 querelis

208 2495 422 2581 supplicibus,
444 2500 566 2559 miseris
585 2499 710 2558 fletibus
731 2496 783 2557 illa
805 2498 910 2557 favet?

165 2581 251 2643 llaec
275 2585 365 2660 mihi,
387 2602 466 2661 quae
486 2601 628 2643 canerem
651 2582 754 2660 Titio,
777 2580 852 2641 deus
873 2580 972 2642 edidit
992 2599 1060 2641 ore:

208 2665 271 2725 Sed
294 2667 410 2726 Titium
433 2670 564 2728 coniunx
584 2668 662 2727 haee
682 2666 858 2725 meminisse
881 2671 972 2728 uetat.

166 2750 280 2809 Pareat
297 2749 353 2809 ille
376 2770 465 2810 suae:
487 2770 540 2811 vos
561 2768 611 2809 me
634 2750 791 2810 celebrate
812 2750 1005 2827 magistrum,
1134 2756 1167 2811 75

208 2834 291 2909 Quos
313 2830 393 2894 male
414 2835 509 2894 habet
529 2832 624 2894 multa
646 2831 775 2893 callidus
799 2841 865 2893 arte
887 2852 974 2913 puer.

164 2916 273 2977 Gloria
292 2918 403 2995 cuique
425 2938 479 2977 sua
499 2925 561 2978 est:
583 2936 649 2995 me,
672 2918 724 2997 qui
746 2924 949 2997 spernentur,
971 2923 1104 2977 amantes

207 3000 407 3061 Consultant.-
428 3004 547 3062 cunetis
568 3004 658 3061 ianua
677 3006 783 3062 nostra
804 3008 899 3082 patet.

166 3084 302 3165 Tempus
325 3086 402 3163 erit,
426 3106 493 3146 oum
515 3105 563 3146 me
585 3086 719 3148 Veneris
741 3093 908 3167 praecepto
929 3086 1082 3147 ferentem

206 3168 346 3229 Deducat
366 3170 508 3229 iuvenum
531 3169 638 3230 sedula
657 3170 748 3230 turba
771 3188 886 3232 senem.
1133 3176 1168 3229 80

163 3252 233 3312 Heu
254 3253 317 3312 beu
339 3272 429 3332 quam
446 3255 606 3315 Marathus
624 3252 712 3314 lento
736 3273 785 3314 me
807 3260 934 3335 torquet
952 3254 1069 3315 umore!

205 3337 362 3398 Deficiunt
384 3343 485 3417 artes,
508 3338 718 3417 deficiuntque
742 3336 815 3398 doli.

162 3420 277 3499 Parce,
297 3440 392 3502 puer,
416 3442 546 3501 quaeso,
567 3442 607 3482 ne
627 3424 727 3502 turpis
748 3422 852 3484 fabula
872 3424 958 3502 iiam,

206 3505 282 3565 Cum
305 3525 372 3566 mea
394 3507 541 3569 ridebunt
563 3527 639 3566 vana
659 3508 844 3585 magisteria.
