2717 4325
506 420 652 483 Troum
674 423 742 482 ΗΒ.
759 423 781 484 1.
799 435 824 488 1.
839 433 865 487 2.
1172 423 1193 485 3

228 592 355 666 Vincta,
379 592 490 652 necin
510 597 622 652 tenero
645 597 707 652 stat
726 594 784 652 tibi
807 591 903 653 corde
924 591 1011 654 silex.

188 674 245 737 iilo
266 695 329 736 non
350 677 470 737 iuvenis
490 677 610 757 poterit
627 674 667 736 de
689 677 801 738 iunerc
823 679 982 764 quisquam
1160 682 1194 738 65

227 761 372 839 Lumina,
394 780 456 821 non
476 763 580 841 virgo,
601 762 683 822 sicea
703 762 827 822 referre
851 761 982 823 domum.

189 845 236 905 'l'u
255 845 365 906 Manes
379 863 420 905 nc
438 843 529 906 laede
551 865 651 925 meos,
673 845 731 908 sed
752 866 846 927 parce
869 846 978 907 solutis

156 949 160 957 “
229 927 375 990 Crinibus
396 937 430 992 et
450 932 585 1010 teneris,
607 930 713 1010 Delia,
735 950 830 1012 parce
850 933 946 1012 genis.

66 1023 76 1040 “
188 1014 326 1092 Interea,
348 1013 419 1074 dnm
441 1015 505 1076 iata
524 1017 646 1093 sinunt,
667 1017 828 1094 iungamus
849 1035 985 1076 amores:

229 1099 290 1160 lam
312 1100 417 1161 veniet
437 1102 577 1160 tenebris
597 1100 687 1162 Mors
709 1099 858 1182 adoperta
881 1106 988 1180 caput,
1161 1107 1195 1164 70

189 1185 248 1244 iam
270 1185 421 1265 subrepet
439 1185 526 1246 iners
548 1190 648 1262 aetas,
670 1203 773 1264 neque
795 1203 897 1244 amare
922 1184 1061 1262 decebit,

230 1268 344 1329 Dicere
365 1288 425 1329 nec
446 1288 522 1328 cano
544 1266 711 1341 blanditias
734 1271 837 1350 capiti.
943 1291 949 1300 ·

189 1353 276 1412 Nunc
297 1350 376 1413 levis
399 1358 449 1413 est
468 1352 630 1433 tractanda
649 1353 774 1434 Venus,
806 1352 877 1414 du'm
898 1353 1046 1432 frangere
1067 1364 1173 1433 postes
1215 1376 1218 1382 ·

228 1435 299 1497 Non
317 1436 416 1517 pudet
433 1443 466 1497 et
486 1438 569 1498 rixas
590 1437 761 1520 inseruisse
783 1439 875 1500 iuvat.
1244 1442 1247 1448 ’

188 1521 248 1581 Ηίο
269 1539 327 1601 ego
351 1521 412 1582 dux
435 1519 587 1600 milesque
609 1521 725 1584 bonus}
753 1543 823 1603 vos,
843 1524 1117 1602 signatumque,
1163 1529 1195 1583 75

229 1605 275 1667 lte
296 1606 422 1687 procul,
445 1605 566 1687 cupidis
587 1605 717 1668 vulnera
737 1608 821 1668 ferte
836 1603 953 1688 'viris‚'¹

187 1691 283 1750 Ferte
307 1697 340 1751 et
359 1710 450 1772 opes:
469 1710 527 1769 ego
548 1693 718 1772 composito
742 1711 869 1766 securus
892 1712 1001 1753 acervo

229 1775 406 1857 Despiciam
428 1774 510 1848 dites
529 1775 760 1857 despiciamque
782 1778 902 1839 tamem.

669 1983 714 2047 ΙΙ.
801 1980 813 2004 ’

188 2067 282 2160 Adde
304 2115 422 2159 merum
443 2100 577 2180 vinoque
598 2117 693 2160 novos
716 2117 878 2181 compesce
902 2099 1044 2177 dolores,

67 2231 75 2252 1.
153 2183 156 2187 ’
231 2184 372 2264 Occupet
392 2190 426 2244 ut
446 2185 525 2245 fessi
545 2184 661 2245 lumina
682 2186 763 2245 victa
785 2204 897 2265 sopor:

67 2287 70 2306 f
188 2270 255 2329 Neu
278 2269 437 2348 quisquam
456 2267 555 2330 multo
575 2270 737 2350 periurum
758 2277 899 2351 tempora
921 2270 1042 2330 Baccho

229 2353 371 2431 Excitet,
392 2352 502 2415 inielis
523 2352 595 2414 dnm
616 2356 788 2435 requiescit
808 2374 902 2414 amor.

188 2437 265 2498 Nam
285 2438 388 2517 posits
409 2444 458 2497 est
476 2444 601 2499 nostrae
623 2437 763 2500 custodia
784 2434 1034 2521 saeva'puellam

232 2520 397 2583 Clauditur
420 2527 453 2582 et
475 2520 552 2584 dura
572 2524 662 2584 ianua
683 2524 771 2583 firma
793 2542 872 2586 sera.

188 2608 280 2667 Ianua
302 2604 440 2666 difficilis
461 2604 619 2684 dominae,
641 2613 674 2669 te
695 2609 843 2668 verberet
864 2610 981 2685 imber,

126 2763 137 2775 ,
232 2691 280 2751 Te
303 2691 382 2751 iovis
402 2691 535 2771 imperio
554 2690 683 2752 fulmina
702 2694 793 2753 missa
813 2700 931 2773 petant.

190 2778 297 2853 ianua,
316 2776 377 2835 iam
396 2782 504 2855 pateas
526 2778 579 2837 uni
599 2778 692 2855 mihi,
715 2778 796 2839 victa
819 2776 973 2855 querelis,

233 2861 302 2921 Neu
322 2860 431 2920 furtim
450 2859 541 2921 verso
562 2861 690 2922 cardine
712 2866 819 2943 aperta
840 2880 942 2923 sones,
1166 2870 1197 2920 lo

191 2947 233 3005 nt
253 2942 333 3004 mala
354 2946 443 3023 siqua
463 2946 522 3005 tibi
544 2944 622 3007 dixit
643 2946 799 3006 dementia
821 2953 944 3022 nostra,
1013 2982 1016 2987 ·

232 3030 392 3109 Ignoscas:
413 3030 507 3111 capiti
527 3031 590 3090 sint
608 3050 723 3111 precor
745 3027 802 3090 illa
823 3049 901 3090 meo.

189 3115 239 3175 Te
261 3115 438 3174 meminisse
458 3112 567 3192 decet,
587 3134 665 3193 quae
685 3112 818 3194 plurima
838 3132 914 3175 voce
935 3116 1042 3194 peregi

233 3197 399 3280 Suppliee‚
421 3218 490 3261 cum
511 3200 595 3279 posti
612 3198 724 3259 florida
745 3204 829 3260 serta
853 3197 968 3259 darem.

67 3359 68 3364 ἵ
190 3284 241 3344 Tu
264 3303 388 3365 qnoque
409 3302 449 3344 ne
470 3281 580 3345 timide
602 3282 762 3362 custodes,
782 3282 889 3361 Delia,
910 3280 994 3343 falle.
1166 3290 1196 3341 15

232 3368 418 3429 Audendum
441 3375 506 3429 est:
529 3369 629 3429 fortes
648 3367 771 3428 adiuvat
789 3369 857 3448 ipsa
877 3368 994 3430 Venus.

189 3453 248 3515 llla
269 3455 370 3531 favet,
392 3472 448 3513 seu
470 3454 539 3532 quis
557 3454 675 3516 iuvenis
697 3471 774 3513 nova
795 3452 903 3513 limina
924 3456 1070 3531 temptat,

234 3538 297 3599 Scu
318 3543 440 3600 reserat
460 3539 520 3598 fixo
544 3537 638 3598 dente
659 3535 765 3618 puella
787 3537 891 3599 iores:

188 3622 247 3683 [lla
266 3623 359 3685 docet
380 3622 489 3683 inrtim
510 3622 596 3684 molli
619 3620 775 3683 decedere
796 3620 898 3698 lecto,
1004 3666 1006 3671 ,

232 3707 290 3769 illa
309 3707 422 3789 pedem
441 3704 528 3770 nullo
550 3726 669 3788 ponere
690 3728 782 3788 posse
805 3726 897 3785 sono,
947 3785 988 3845 1*
1163 3714 1198 3766 ‘ro
