2717 4325
105 1666 117 1697 ,
224 1628 330 1699 Quibus
345 1628 444 1701 opibus
458 1628 607 1685 instructus
620 1627 656 1685 ad
669 1626 901 1701 recognoscenda
914 1629 1038 1684 carmina
1053 1628 1143 1685 Catul-

105 1736 114 1775 1
138 1714 212 1769 liana
223 1714 391 1769 accesserim
407 1730 534 1785 quasque
548 1714 627 1785 leges
638 1712 705 1768 mihi
718 1712 846 1767 duxerim
859 1712 1066 1767 observandas:
1086 1717 1143 1768 tum

105 1856 113 1869 .
137 1814 173 1853 ex
185 1798 219 1851 iis
231 1813 303 1869 quae
316 1796 350 1851 de
364 1796 508 1854 codicibus
521 1794 682 1853 Catullianis
695 1795 831 1862 disserui,
849 1799 906 1850 tum
918 1811 954 1851 ex
965 1798 1143 1851 annotatione

105 1876 112 1949 ’1
136 1880 234 1935 critica
245 1895 332 1951 gnaro
347 1880 446 1951 cuique
458 1880 556 1937 harum
568 1874 758 1951 re'rumjudici
777 1878 845 1935 satis
860 1880 1013 1951 apparebit.
1035 1878 1143 1935 Gratias

135 1977 206 2019 vero
229 1962 365 2017 maximas
387 1978 469 2033 agam
495 1969 604 2041 oportet
625 1962 694 2018 viris
719 1962 856 2035 egregiis,
882 1979 998 2033 quorum
1020 1962 1141 2017 benevo-

104 2045 222 2101 'lcntia
247 2050 274 2099 et
297 2044 459 2101 liberalitate
483 2060 569 2115 opera
595 2060 658 2100 mea
685 2045 838 2102 Catulliana
862 2046 958 2115 adjuta
982 2051 1033 2101 est.
1076 2046 1143 2101 Pro·

135 2130 273 2201 sperrima
290 2129 365 2184 enim
387 2128 497 2184 fortuna
514 2126 582 2184 mihi
605 2128 735 2201 contigit,
749 2134 778 2185 ut
801 2126 1015 2186 THEODORUS
1036 2126 1142 2186 BERG·

134 2211 232 2281 KlUS‚
251 2215 331 2284 cujus
352 2228 450 2268 omnes
474 2209 646 2268 admirantur
663 2210 805 2285 singulare
821 2213 966 2268 divinandi
986 2214 1141 2283 ingenium,

134 2312 201 2352 suas
229 2313 338 2352 mecum
361 2296 581 2353 communicaret
608 2297 634 2352 in
657 2293 793 2353 Catullum
823 2296 1048 2351 emendationes:
1074 2293 1141 2351 inde

134 2383 269 2452 quantum
282 2379 421 2436 commodi
437 2379 474 2435 ad
490 2377 561 2435 haec
578 2380 702 2436 carmina
713 2378 914 2435 redundaverit
927 2378 1004 2434 multi
1022 2377 1076 2433 loci
1094 2378 1142 2434 de·

104 2471 111 2484 ’
131 2467 297 2516 monstrant.
328 2461 397 2518 Tum
418 2461 609 2534 praedicanda
624 2463 691 2518 mihi
710 2468 754 2518 est
776 2461 806 2516 0.
824 2461 906 2517 lULII
930 2459 1066 2517 sllLlGss
1086 2461 1141 2517 viri

132 2544 283 2600 clarissimi
297 2543 399 2600 eximia
410 2551 436 2600 et
448 2545 619 2601 incredibilis
633 2545 691 2599 iere
701 2545 874 2617 benignitas,
886 2546 933 2616 qui
947 2560 997 2616 per
1008 2544 1113 2602 litteras
1122 2561 1142 2600 a

131 2643 177 2682 me
189 2633 306 2699 rogatus
318 2633 347 2683 ut
358 2627 425 2683 mihi
438 2629 567 2684 codicum
578 2627 796 2695 parisiensium,
815 2625 851 2682 de
867 2629 967 2698 quibus
984 2628 1094 2683 dixerat
1112 2628 1139 2682 in

129 2711 146 2764 J
148 2710 225 2765 abnii
238 2712 384 2766 annalibus
395 2711 458 2766 Xlll
473 2729 501 2783 p.
512 2716 573 2778 261,
587 2709 632 2768 hic
646 2711 703 2768 illio
715 2709 952 2782 inspiciendorum
969 2712 1079 2782 copiam
1097 2712 1139 2766 ia-

129 2799 222 2862 ceret,
241 2795 332 2851 statim
356 2795 449 2850 omnia
467 2810 519 2851 sua
539 2795 607 2850 mihi
624 2795 776 2851 transmisit
796 2793 861 2850 dala
879 2795 1030 2852 liberaliter
1054 2795 1139 2849 venia

129 2893 185 2948 quo
196 2883 279 2948 pacto
292 2877 394 2936 vellem
412 2879 447 2934 iis
460 2877 565 2934 utendi.
591 2877 697 2934 Horum
715 2895 768 2949 ego
786 2879 917 2934 librorum
929 2879 1065 2934 lectiones
1077 2877 1138 2933 dili·

128 2965 229 3032 genter
242 2962 434 3033 pervestIgavi
447 2966 473 3016 et
485 2961 556 3016 intra
575 2963 704 3034 exempla
719 2976 840 3032 ponam,
859 2955 941 3032 plura
958 2961 1023 3016 inde
1041 2975 1138 3017 111111-

127 3059 196 3114 pere
209 3045 301 3112 nolui,
313 3060 347 3098 na
360 3045 450 3100 virum
462 3045 732 3116 praestantissimum
744 3045 833 3116 copiis
851 3043 879 3097 in
897 3043 1026 3102 diuturno
1039 3044 1135 3100 itinere

127 3127 293 3198 conquisitis
319 3128 478 3198 spoliarem.
510 3127 634 3199 Denique
652 3126 933 3185 SCHOENEMANNI
951 3125 1135 3184 bibliothecae

127 3209 363 3283 Guelferbytanae
391 3212 540 3283 praelecti,
568 3213 614 3283 qui
644 3209 679 3266 de
704 3211 905 3283 promovendis
930 3209 1135 3282 philologorum

125 3294 229 3350 studiis
257 3295 371 3368 egregie
398 3295 513 3350 meritus
541 3299 603 3365 est,
634 3300 661 3350 ct
695 3294 860 3351 FALLATll
885 3294 1054 3366 professoris
1082 3291 1135 3346 'l’u-

124 3375 274 3450 bingensis
297 3379 349 3434 viri
374 3378 553 3436 illustrissimi
577 3379 773 3434 benevolentia
796 3379 898 3433 lactum
923 3381 979 3443 est,
999 3380 1029 3431 ut
1049 3374 1135 3429 libros

125 3461 360 3533 Guelferbytanos
378 3461 445 3518 mihi
464 3461 602 3534 inspicere
612 3462 718 3516 liceret.
762 3459 809 3518 Sic
827 3464 938 3532 praeter
950 3455 1064 3513 codices
1080 3457 1135 3512 Be-

123 3547 276 3602 rolr'nenses
299 3550 326 3599 ct
351 3543 535 3602 dresdensem
556 3546 603 3616 qui
628 3545 657 3600 in
677 3542 847 3599 Lachmanni
871 3545 899 3595 et
916 3539 1016 3612 Silligii
1034 3541 1134 3597 editio-

124 3629 207 3685 nibus
234 3627 347 3683 exhibiti
379 3633 456 3691 sunt,
483 3635 541 3684 octo
566 3629 689 3684 codicum
715 3625 918 3692 pensaurum,
941 3625 1022 3679 trium
1053 3623 1133 3680 auel-

483 3935 753 4032 oaqossg
