2717 4325
455 470 868 556 ursnn1nano
1099 476 1141 541 m

268 642 358 705 Desit
369 639 537 703 odoriferis
549 641 625 702 ordo
637 642 713 703 mihi
722 642 872 721 lancibus,
888 641 989 705 adsint

308 725 420 788 Plebei
429 744 541 807 parvae
551 725 670 787 funeris
682 728 841 807 exequiae.

269 811 323 872 Sat
334 830 403 871 mea
413 815 460 870 sat
470 829 577 889 magna
589 816 648 888 est,
659 811 687 871 si
697 817 763 870 tres
775 812 838 871 sint
847 829 960 892 pompa
968 810 1079 893 libelli,
1106 822 1140 876 00

214 905 250 959 10
311 896 395 972 Quos
407 912 464 973 ego
474 894 695 975 Perephonae
706 896 834 956 maxima
845 894 926 955 dona
936 895 1044 959 feram.

270 978 319 1039 Tu
331 997 406 1038 vero
417 976 534 1038 nudum
543 984 652 1059 pectus
664 976 801 1039 lacerata
811 981 954 1058 sequeris

310 1062 376 1121 Nec
385 1062 484 1122 fueris
495 1080 609 1122 nomen
618 1059 700 1121 lassa
708 1080 820 1121 vocare
830 1081 943 1141 meum,

268 1144 442 1224 Osculaque
452 1146 487 1205 in
498 1143 609 1223 gelidis
619 1163 718 1224 pones
728 1164 872 1226 suprema
884 1144 1018 1225 labellis,

309 1230 386 1289 Cum
397 1229 520 1291 dabitur
531 1228 622 1307 Syrio
634 1246 764 1288 munere
772 1226 883 1308 plenus
896 1248 985 1309 onyx.
1104 1240 1141 1295 30

215 1322 249 1376 15
269 1312 401 1390 Deinde,
414 1312 468 1371 ubi
479 1312 654 1392 suppositus
666 1314 803 1372 cinerem
814 1332 864 1373 me
875 1312 990 1373 fecerit
1001 1312 1105 1394 ardor,

309 1395 451 1476 Accipiat
460 1394 570 1455 Mane
581 1392 706 1475 parvula
715 1402 798 1457 testa
808 1415 904 1475 meos,

266 1480 309 1542 Et
320 1480 405 1541 sitin
417 1479 526 1557 exiguo
537 1476 640 1540 laurus
652 1498 746 1561 super
757 1479 862 1541 addita
872 1482 974 1560 busto,

307 1564 393 1640 Quae
404 1568 490 1642 tegat
502 1565 630 1625 extincti
640 1564 762 1625 funeris
773 1567 881 1627 umbra
890 1564 1004 1643 locum,

265 1648 307 1709 lit
317 1647 378 1708 duo
390 1649 453 1707 siut
463 1666 580 1726 versus,
593 1650 658 1728 ‘qui
668 1644 751 1710 nunc
760 1651 843 1711 iacet
855 1649 942 1710 arida
952 1649 1065 1731 pulvis,
1105 1658 1140 1715 ³5

211 1742 247 1794 00
306 1732 405 1793 Unius
415 1732 467 1791 hic
479 1731 631 1811 quondam
642 1750 749 1794 servus
760 1736 873 1795 amoris
885 1739 976 1795 erst'

266 1815 332 1877 Nec
341 1817 441 1876 minus
451 1816 529 1876 haec
540 1819 641 1876 nostri
650 1823 794 1879 notescet
803 1819 885 1879 fama
895 1816 1043 1899 sepulcri,

309 1898 405 1974 Quam
415 1899 541 1958 fuerant
551 1899 658 1959 Phthii
668 1903 758 1961 busta
769 1910 898 1962 cruenta
908 1903 976 1963 viri.

269 1981 318 2042 Τι
331 1999 453 2061 quoque
465 1980 624 2061 siquando
636 1985 742 2044 ventes
753 1984 793 2043 sd
802 1986 876 2062 sato,
888 1992 1044 2047 memento

306 2065 376 2125 Hoc
386 2066 464 2124 iter:
488 2064 526 2124 ad
540 2063 660 2145 lapide
672 2086 747 2126 caua
756 2070 828 2128 veni
838 2086 1001 2130 memores.
1065 2064 1069 2069 ’
1104 2076 1139 2131 to

212 2156 247 2212 25
267 2149 390 2211 Interea
402 2167 474 2210 cave
485 2149 527 2210 sis
537 2169 594 2210 nos
606 2157 768 2231 aspernata
777 2150 934 2233 sepultos=

305 2231 456 2295 Nonnihil
467 2231 623 2294 adrerum
637 2237 760 2295 conscia
771 2243 859 2297 terra
870 2239 959 2318 sapit.

260 2321 369 2399 Atque
380 2318 497 2379 utinam
506 2320 616 2400 primis
627 2319 756 2379 animam
767 2341 817 2381 me
827 2337 946 2402 ponere
958 2321 1045 2382 cunis

303 2402 447 2463 iussisset
458 2405 582 2482 quaevis
594 2402 634 2461 de
645 2404 746 2464 tribus
756 2424 816 2464 uua
827 2406 933 2465 soror!

263 2485 341 2547 Nam
352 2505 412 2566 quo
423 2491 486 2546 tam
497 2485 608 2546 dubiae
621 2493 764 2547 servetur
775 2489 902 2568 spiritus
912 2487 1033 2550 horae?
1103 2494 1138 2550 45

108 2561 113 2572 ’
188 2554 246 2631 ’30
306 2569 449 2630 Nestoris
461 2574 510 2629 est
519 2570 601 2630 visus
612 2576 685 2651 post
694 2571 756 2631 tria
767 2570 867 2633 saecla
878 2573 974 2636 cini:

265 2653 341 2729 Quis
352 2660 414 2714 tam
426 2652 593 2732 longaevae
604 2655 767 2716 minuisset
775 2655 839 2715 iata
849 2662 996 2716 senectae

304 2735 441 2799 Gallicus
451 2735 552 2798 Iliacis
563 2736 652 2798 miles
662 2739 696 2798 in
707 2740 893 2819 aggeribus?
913 2771 918 2778 ,

200 2873 209 2896 ,
263 2820 333 2882 Νοι
342 2819 397 2882 ille
407 2819 570 2882 Antilochi
579 2822 709 2883 vidisset
720 2842 833 2904 corpus
842 2825 974 2904 humari,

304 2907 431 2966 Diceret
442 2911 494 2966 aut
506 2909 536 2967 ‘o
547 2926 641 2986 mors,
655 2926 710 2966 cur
721 2909 798 2968 mihi
809 2927 879 2970 sera
889 2908 1011 2969 renisi’
1101 2918 1137 2972 50

209 2997 243 3052 35
265 2989 314 3050 'l'u
324 2996 427 3050 tamen
438 2991 548 3052 amisso
559 3009 623 3051 non
632 3010 798 3070 numquam
809 2993 900 3053 flebis
911 2993 1024 3053 amico:

302 3073 362 3134 Fas
374 3080 424 3132 est
433 3076 621 3153 praeteritos
633 3093 758 3155 semper
769 3094 871 3134 amare
880 3077 975 3136 viros.

264 3155 381 3234 Testis,
396 3156 445 3214 cui
456 3158 579 3216 niveum
590 3155 744 3236 quondam
754 3159 910 3237 percussit
919 3157 1043 3218 Adonin

302 3239 476 3301 Venantem
486 3238 581 3300 Idalio
593 3241 713 3299 vertice
724 3239 818 3300 durus
829 3260 920 3320 sper:

262 3317 328 3385 illis
339 3324 507 3383 formosum
521 3323 654 3384 iacuisse
663 3321 837 3403 paludibus,
847 3322 926 3385 illuc
1099 3330 1135 3386 65

209 3415 244 3469 40
303 3401 425 3467 Diceris
437 3407 536 3468 effusa
545 3414 590 3486 tu,
601 3407 718 3486 Venus,
729 3409 792 3469 isse
805 3428 900 3471 coma.

235 3487 237 3491 ’
263 3489 329 3566 Sed
337 3491 453 3552 frustra
465 3497 565 3552 mutos
576 3493 746 3570 revocabis,
758 3493 904 3573 cynthio,
915 3493 1041 3555 Manes:

302 3575 380 3634 Nam
390 3591 459 3634 mea
470 3574 545 3654 quid
558 3581 707 3657 poterunt
716 3595 785 3638 osse
795 3578 914 3639 minuta
922 3575 1032 3658 loqui?

552 3719 751 3730 ——m-

218 3824 423 3924 Psorsaprus.
909 3838 927 3892 3
