2717 4325
177 434 218 496 20
526 424 671 486 'l'lBULbl
692 423 761 483 LlB.
778 422 800 483 1.
818 431 844 486 9.

177 601 247 681 ipse
267 596 343 660 deus
364 598 459 658 tacito
480 593 623 676 permisit
642 591 747 670 lingue
766 593 925 668 ministro,
1150 598 1184 653 25

219 681 339 744 Ederet
359 686 395 741 ut
416 678 513 740 multo
533 677 636 738 libera
654 677 750 736 uerba
772 693 872 735 merc:

177 769 247 848 lpse
270 763 345 827 deus
368 784 473 826 somno
498 762 629 824 domitus
651 761 797 821 emittere
818 778 924 820 vocem

220 851 312 911 iussit
332 856 366 910 et
384 850 499 909 invitus
520 848 602 908 fectu
622 843 758 925 tegenda
779 842 889 923 loqui!

179 937 265 996 Haec
283 952 341 1014 ego
364 932 521 993 dicebam:
542 951 624 992 nunc
645 947 695 990 me
714 929 838 989 flevisse
859 926 1057 1007 loquentem,

221 1019 310 1078 Nunc
330 1015 428 1100 pudet
451 1015 490 1077 ud
510 1022 638 1076 teneros
660 1014 863 1095 procubuisse
884 1009 991 1093 pedes.
1151 1020 1185 1074 30

179 1103 269 1163 Tunc
288 1103 365 1162 mihi
385 1093 508 1162 iufebus
528 1097 645 1160 nullius
666 1095 770 1159 divttis
792 1097 858 1157 nuri

220 1185 381 1264 Pondere,
402 1205 466 1245 ncn
487 1186 631 1265 gemmis,
649 1181 788 1243 vendere
808 1179 890 1242 velle
912 1177 1023 1257 fldem,

178 1269 248 1332 Non
266 1270 325 1330 tibi
345 1271 371 1330 si
392 1271 527 1350 pretium
550 1268 716 1349 Osmpuniu
734 1273 820 1326 terre
842 1265 985 1342 duretur,

221 1354 290 1413 Nun
310 1355 368 1414 tibi
389 1353 416 1413 si
436 1353 550 1415 Bacchi
572 1373 644 1413 curs
664 1348 819 1412 Falernus
841 1367 924 1429 ager.

180 1435 246 1498 tilis
269 1438 412 1519 eriperes
431 1439 536 1498 uerbis
556 1437 633 1496 mibi
655 1433 760 1496 sideru
779 1433 858 1494 cueli
1151 1441 1186 1497 ³5

221 1522 343 1582 Lucere
365 1528 397 1582 et
415 1541 507 1603 purus
528 1519 667 1581 fulminis
691 1536 760 1579 esse
782 1520 856 1578 vics.

181 1605 264 1682 Quin
286 1606 379 1667 etium
399 1606 513 1666 flebas:
537 1611 569 1664 ut
589 1624 651 1664 ncn
674 1621 732 1682 ego
752 1601 865 1662 fellere
884 1599 992 1662 doctus

224 1689 400 1767 Tergebam
420 1690 584 1750 humentes
607 1685 753 1748 credulus
776 1705 874 1766 usque
897 1704 999 1764 genus.

181 1772 263 1850 Quid
283 1773 411 1851 seciam,
430 1774 492 1833 uisi
513 1779 547 1832 et
567 1775 636 1852 ipse
656 1772 742 1832 fores
763 1773 795 1830 in
818 1788 921 1831 umore
943 1768 1088 1850 puellae?

126 1928 130 1936 .
224 1854 287 1916 Sed
307 1875 421 1937 precor
441 1853 583 1938 exemplu
605 1857 646 1916 sit
665 1855 743 1915 levis
762 1853 817 1914 illu
838 1861 901 1915 tuu.
1152 1863 1187 1916 40

182 1942 208 2002 0
232 1942 392 2020 quotiens,
413 1942 574 2002 verbisne
597 1942 756 2019 quisquam
779 1940 919 1999 conscius
941 1945 1040 2016 esset,

221 2025 291 2104 lpse
311 2043 415 2085 comes
434 2023 531 2086 mults
552 2023 669 2084 luminu
689 2030 782 2084 nocte
803 2022 877 2084 tuli!

181 2109 282 2189 Saepe
302 2109 477 2189 insperanti
498 2109 583 2171 venit
603 2109 662 2169 tibi
684 2125 813 2170 munere
834 2115 940 2195 nostro

222 2195 264 2253 Et
283 2191 377 2254 lutuit
398 2193 515 2255 clausus
533 2198 605 2274 post
625 2192 776 2273 adoperta
794 2194 902 2253 fores.-

183 2277 263 2337 Tnm
283 2278 378 2338 miser
392 2279 522 2355 interii,
542 2274 639 2338 stulte
662 2276 795 2337 confisus
818 2278 928 2336 umeri:
1151 2284 1186 2338 45

223 2361 300 2421 Nam
320 2367 461 2441 poteram
482 2360 521 2421 ud
541 2359 671 2440 laqueos
694 2362 812 2421 cautior
834 2378 904 2421 esse
926 2365 1005 2420 tuns.

183 2446 264 2524 Quin
282 2445 375 2505 etium
396 2446 526 2505 attonitu
546 2442 655 2505 laudes
675 2446 734 2506 tibi
756 2452 860 2505 mente
882 2445 1042 2525 canebam,

224 2530 266 2589 Et
285 2547 334 2590 me
354 2548 435 2589 nunc
456 2529 556 2590 nostri
578 2527 798 2609 Pieridumque
820 2527 926 2610 pudet.

181 2611 239 2683 lilu
259 2610 352 2673 velim
372 2612 479 2694 rupicis
501 2611 658 2675 Vulcanus
680 2615 814 2674 carmina
834 2614 953 2674 flumme

227 2696 362 2757 'l'orrest
383 2703 416 2758 et
435 2695 554 2777 liquide
576 2694 680 2759 deleat
701 2698 796 2759 umnis
818 2717 904 2777 aqna.
1153 2705 1188 2758 50

184 2779 234 2840 Tu
255 2777 366 2860 procul
388 2782 461 2842 hinc
483 2782 580 2860 absis,
601 2783 652 2842 cui
671 2782 802 2843 formum
823 2781 960 2843 vendere
982 2799 1055 2843 cure
1077 2786 1125 2841 est

224 2864 267 2923 Et
287 2866 422 2944 pretium
443 2863 538 2946 plens
559 2864 676 2945 grande
697 2867 821 2926 referre
843 2885 943 2926 manu.

182 2950 225 3008 At
246 2954 296 3025 te,
318 2951 370 3028 qut
390 2968 521 3029 puerum
543 2948 632 3010 donis
655 2968 856 3030 corrumpere
878 2960 1039 3027 ussurus,

225 3031 338 3091 Rideat
356 3033 487 3095 assiduis
508 3052 586 3095 uxor
605 3032 706 3094 inulte
727 3032 823 3113 dolis,

182 3114 225 3177 Et
247 3135 314 3176 cum
335 3116 450 3178 furtivo
471 3119 614 3178 iuvenem
633 3115 795 3187 lassaverit
815 3137 889 3197 usu,
1153 3128 1187 3179 55

226 3199 345 3262 Tecum
365 3202 552 3283 interpositu
571 3199 717 3281 languide
735 3208 822 3264 veste
846 3203 946 3265 cubet.

184 3284 315 3364 Semper
337 3286 400 3346 sint
420 3292 549 3347 euterun
568 3290 622 3345 tuo
643 3288 773 3366 vestigia
790 3285 892 3365 lecto,

225 3367 267 3428 Et
287 3374 394 3448 petest
413 3367 532 3450 cupidis
553 3388 677 3450 semper
697 3377 805 3451 apertu
826 3368 950 3433 domus:
981 3431 988 3439 ,

183 3451 249 3512 Nec
269 3450 384 3513 luscius
404 3472 494 3514 soror
516 3452 637 3515 dicutur
656 3453 746 3535 plura
765 3456 882 3517 bibisse

225 3533 342 3595 Pocula
361 3536 412 3597 vel
432 3536 540 3618 plures
562 3540 731 3601 emeruisse
754 3541 847 3601 viros.
1154 3546 1191 3602 60

183 3616 270 3678 illum
293 3638 386 3700 saepe
407 3620 515 3683 ferunt
535 3624 672 3685 convivis
693 3622 808 3685 ducere
829 3624 967 3703 Bncchc,

225 3702 302 3761 Dum
324 3710 393 3765 rote
413 3706 553 3768 Luciferi
570 3715 721 3790 provocet
743 3714 811 3770 ortu
833 3706 930 3769 diem:
