2717 4325
415 447 980 537 nmnnmmmmm
1128 454 1171 521 ω

296 626 445 687 Hieunua
456 622 1029 703 dulorestexonrnibusaeeramanti,
1135 633 1170 688 te

339 708 485 789 Speranti
496 709 597 768 subito
609 709 635 769 ri
647 726 707 786 qua
719 709 827 770 venire
839 714 941 785 negat.

260 803 277 855 5
299 793 419 869 Quanta
428 788 517 853 illum
527 798 594 852 tate
605 797 732 853 verant
742 793 875 873 suspiria
883 790 980 872 lecto,

337 876 414 957 Cum
424 876 534 956 recipi,
547 894 639 955 quem
648 894 712 935 nan
719 876 843 937 neverit
852 873 918 954 flla,
929 882 1026 957 putat.

296 960 338 1022 Et
347 979 455 1021 rursus
467 978 598 1041 puerum
611 960 789 1039 quaerenda
801 958 905 1021 auditu
914 960 1035 1041 fatigat,

339 1045 446 1124 Quem,
459 1062 537 1124 quae
548 1044 631 1103 scire
643 1042 745 1120 timet,
757 1061 909 1122 quaerere
920 1042 1012 1125 plura
1021 1045 1118 1106 iubet.
1136 1054 1172 1107 50

586 1237 794 1248 ...—

222 1259 279 1355 17
297 1258 361 1353 Gur
374 1290 931 1372 fritindoctinrgiendahaeraamttr
942 1292 1037 1372 mgr,
1114 1260 1170 1356 23

338 1377 407 1457 Ipsa
416 1377 516 1456 petita
526 1374 597 1437 lacu
606 1374 886 1437 nnnemihirluleia
897 1394 975 1456 aqua
984 1383 1043 1440 eat.

297 1460 451 1539 Ingenuus
465 1462 625 1541 quisquam
636 1458 766 1521 alterius
777 1460 831 1521 dat
841 1479 969 1521 munera
980 1480 1081 1541 servo,

337 1546 381 1605 Ut
389 1546 542 1625 premissa
553 1563 625 1605 suae
636 1546 733 1606 verba
742 1544 825 1605 serat
836 1544 1002 1605 deminae?

260 1637 276 1691 5
297 1629 339 1691 let
351 1630 473 1708 quaerit
484 1630 600 1690 totiens
612 1634 774 1708 ‘quaenam
784 1648 867 1690 nune
876 1630 1016 1709 partiens
1025 1628 1112 1691 illam

335 1712 485 1792 IntegItt’
508 1720 541 1773 et
552 1718 671 1794 ‘campa
683 1732 744 1793 qua
755 1710 1069 1793 movetillapedeat’

296 1796 428 1874 Deinde,
438 1798 493 1856 uhi
504 1795 673 1877 pertuleri's
685 1816 762 1877 ques
777 1796 854 1858 dicit
862 1798 942 1858 fama
951 1797 1077 1859 labores

336 1878 494 1956 Herculis,
503 1886 539 1941 ut
549 1883 665 1941 scribat
675 1883 824 1941 ‘muneri
835 1881 948 1961 ecquid
958 1882 1091 1943 habest'

299 1962 440 2023 Ger-nere
450 1964 497 2022 uti
507 1966 607 2042 passis
618 1962 738 2024 vultum
750 1963 887 2024 custodia
897 1966 1003 2043 amari,

245 2055 281 2110 10
343 2045 459 2127 Captus
471 2050 505 2105 et
513 2046 661 2107 inmunda
671 2064 765 2127 saepe
774 2046 877 2107 latere
888 2048 981 2109 casa?
1103 2092 1109 2101 ,

300 2130 397 2207 Quam
409 2148 480 2191 aare
492 2127 590 2192 semel
600 2132 635 2191 in
647 2136 715 2190 toto
725 2149 786 2192 nox
796 2132 930 2191 vertitur
941 2132 1037 2191 annot

338 2215 542 2295 stuperent,
555 2217 582 2275 si
595 2233 672 2293 quos
683 2215 774 2274 ianua
785 2211 890 2275 clausa
899 2215 999 2274 iuvat!

298 2297 425 2377 Contra,
437 2300 557 2359 reiecto
572 2316 650 2377 quae
659 2295 763 2358 libera
772 2296 857 2358 vadit
868 2298 991 2378 amictu,

341 2381 512 2444 Custodum
523 2387 556 2442 et
565 2380 651 2441 nulle
664 2387 753 2461 repta
762 2382 886 2460 timore,
899 2379 1013 2462 placet.

245 2473 279 2527 15
302 2465 360 2526 cui
371 2483 465 2546 saepe
477 2464 625 2526 inmunda
637 2464 733 2524 Sacra
743 2466 918 2526 conteritur
928 2465 989 2527 vra
1000 2482 1102 2542 aeeon,

340 2549 406 2610 Nec
418 2550 493 2609 sinit
504 2567 573 2609 esse
584 2567 711 2627 morum,
722 2549 750 2608 sl
761 2549 831 2628 quia
840 2547 928 2609 salire
938 2547 1024 2609 vellt.

298 2632 434 2694 Differet
450 2633 528 2693 haee
538 2652 703 2712 numquam
711 2650 772 2692 nee
780 2638 893 2712 poscet
903 2629 1036 2710 garrula,
1048 2629 1131 2712 qnod
1140 2635 1174 2693 te
1199 2624 1201 2631 ’
1280 2671 1284 2679 ·

340 2718 497 2778 Astrietua
509 2715 616 2797 ploret
627 2735 720 2797 saepe
731 2715 857 2777 dedisse
867 2722 969 2797 pater,

297 2799 363 2862 Nee
376 2800 460 2861 dicet
471 2803 588 2880 etimeo,
599 2819 735 2882 propera
744 2802 805 2862 iam
816 2817 957 2879 surgere,
969 2817 1100 2878 quaeres

244 2893 280 2948 20
340 2883 462 2962 Infelix,
474 2884 569 2945 hodie
577 2887 625 2946 vir
635 2885 711 2945 mihi
721 2903 797 2946 rure
807 2886 917 2944 venit!

298 2969 340 3031 Et
351 2989 424 3048 quas
435 2968 611 3050 Euphrates
623 2975 656 3028 et
667 2988 743 3047 quas
753 2969 829 3048 nihi
840 2969 925 3029 misit
935 2968 1083 3044 Orontes,

339 3053 396 3112 Me
408 3053 546 3132 capiunt:
567 3050 967 3131 nolimfurtupudieatori‚

300 3134 443 3196 Libertas
456 3135 599 3213 qnoniam
608 3130 691 3192 nulli
700 3133 761 3192 iam
769 3139 870 3193 restat
880 3134 1009 3193 amanti:

342 3215 454 3278 Nullus
464 3215 546 3277 liber
558 3218 630 3292 erit,
642 3217 668 3276 ai
680 3217 749 3294 quta
759 3233 861 3276 amare
870 3215 964 3276 valet.

230 3348 286 3446 18
302 3349 367 3446 ‘Tu
376 3383 526 3464 loqueris,
538 3401 607 3443 eum
618 3383 661 3442 sis
671 3383 732 3443 ium
742 3379 1021 3442 natafabulalihro
1117 3344 1175 3439 2¹1

341 3471 383 3530 nt
392 3475 445 3530 tna
456 3469 498 3529 sit
506 3473 574 3528 toto
586 3467 721 3546 cynthia
729 3465 813 3526 lectu
822 3466 910 3526 fora:

302 3551 360 3612 cui
372 3571 435 3612 non
445 3553 495 3612 his
504 3552 608 3612 verbis
619 3556 763 3631 aspergat
772 3556 914 3630 tempera
925 3546 1044 3609 sudor?

340 3636 404 3695 Aut
416 3633 517 3715 pudor
527 3636 689 3713 ingenuus,
701 3641 753 3698 aut
762 3632 944 3694 retinendus
956 3635 1064 3693 amer!

263 3728 280 3780 5
302 3716 392 3794 Quod
406 3721 432 3779 si
442 3725 505 3780 tarn
515 3716 617 3780 facilis
628 3720 763 3800 spiraret
774 3718 909 3797 Cynthia
919 3717 1020 3796 nabis,
