2717 4325
189 428 230 493 38
465 426 869 493 crinemcrinem

602 608 774 657 maome.

215 721 250 773 20
270 679 431 790 Hespere,
453 709 505 787 qui
526 706 612 768 eaelo
633 708 735 767 fertur
757 706 914 768 crudelior
933 709 1035 787 ignis?

271 798 331 873 Qui
352 800 452 853 naum
472 793 572 873 possis
593 791 752 872 complexu
770 790 907 859 avellere
925 796 1042 869 matris,

272 877 440 959 Complexu
459 877 564 936 matria
584 877 772 935 retinentem
793 874 928 937 avellere
947 884 1046 937 natam

270 966 312 1025 lit
332 963 433 1023 inveni
454 960 576 1021 ardenti
594 966 707 1019 uastam
729 959 844 1019 donare
863 959 1005 1039 puellam.

273 1047 354 1125 Quid
371 1046 487 1106 fuciunt
507 1044 611 1103 hostes
631 1051 719 1124 capta
740 1042 896 1103 crudelius
917 1045 1016 1104 urbe?

217 1171 250 1224 tt
313 1162 433 1241 Hymen
452 1178 471 1218 o
491 1158 686 1237 Hymenaee,
713 1158 834 1237 Hymen
855 1156 929 1218 ades
952 1177 971 1217 u
990 1159 1184 1238 Hymenaee!

604 1296 762 1345 IUVENES.

269 1398 427 1479 Hespere,
450 1398 501 1476 qui
524 1393 610 1456 euelo
632 1394 718 1455 lueet
737 1394 899 1456 iocundius·
919 1395 1020 1473 ignis?

270 1482 330 1558 Qui
352 1481 574 1561 desponsatae
595 1480 700 1539 firmes
722 1480 871 1539 connubia
891 1480 1020 1555 flamma,

270 1567 355 1641 Quae
374 1566 523 1645 pepigere
545 1565 618 1640 viri,
638 1564 825 1643 pepigerunt
844 1571 916 1623 ante
935 1569 1082 1642 parentes

272 1650 335 1708 Nec
356 1652 483 1709 iunxere
500 1649 586 1727 prius
603 1666 691 1724 quam
709 1665 743 1707 se
764 1653 834 1707 tuus
854 1646 966 1709 extulit
982 1645 1083 1706 ardor.

214 1741 250 1795 30
270 1732 351 1810 Quid
369 1732 457 1793 datur
474 1753 492 1792 e
513 1730 589 1791 divis
609 1729 695 1791 felici
713 1732 846 1812 optatius
867 1731 964 1790 hora?

311 1843 434 1923 Hymen
455 1862 472 1901 o
495 1843 692 1921 Hymenaee,
713 1841 835 1921 Hymen
857 1841 930 1902 edes
951 1862 969 1900 o
990 1840 1185 1919 Hymenaee!

597 1968 770 2017 v1ne1nns.
1025 2024 1028 2030 ¹

271 2068 429 2147 Hesperus
451 2069 595 2143 euobis,
617 2066 777 2148 aequales,
799 2066 925 2128 abstulit
945 2085 1034 2127 unam

314 2517 435 2597 Hymen
457 2517 687 2598 oHymenaee,
713 2518 835 2597 Hymen
856 2516 929 2576 ades
951 2528 968 2577 ο
992 2517 1187 2595 Hymenaee!

605 2641 763 2690 IUVENES.

272 2809 369 2870 Nocte
390 2808 491 2870 latent
510 2810 612 2888 iures,
633 2829 709 2890 qnos
724 2809 805 2870 idem
822 2829 914 2890 saepe
930 2816 1101 2888 revertens,

207 2902 241 2955 35
270 2893 427 2974 Hespere,
455 2899 570 2954 mutato
593 2891 788 2973 comprendis
809 2895 931 2954 nomine
953 2893 1087 2954 eosdem.

272 2979 312 3036 At
331 2975 410 3037 libet
428 2979 564 3058 innuptis
585 2978 657 3038 ficto
680 2984 712 3038 te
733 2997 861 3059 carpere
880 2985 1017 3057 quaestu.

271 3059 352 3140 Quid
372 3068 446 3138 tum,
465 3064 491 3121 si
507 3069 644 3143 carpunt,
666 3064 760 3123 tacita
777 3081 866 3141 quem
881 3070 984 3122 mente
999 3062 1188 3142 requirnnt?
1247 3125 1256 3144 ‚

314 3171 435 3253 Hymen
454 3191 472 3232 o
493 3173 688 3253 Hymenaee,
709 3174 831 3253 Hymen
846 3171 919 3233 ades
940 3193 958 3232 o
977 3173 1172 3253 Hymenaee!

598 3299 773 3348 VIRGINES.

270 3383 313 3444 Ut
332 3385 389 3444 iios
410 3386 442 3444 in
463 3388 559 3466 septis
581 3393 719 3446 secretus
740 3385 875 3444 nascitur
896 3384 1007 3461 hortis,

213 3475 248 3529 40
266 3466 388 3544 Ignotus
408 3470 529 3549 pecori,
557 3467 642 3529 nullo
661 3474 807 3528 contusus
829 3473 941 3546 aratro,

272 3551 366 3626 Quem
395 3550 530 3613 mulcent
552 3569 660 3629 aurae,
679 3552 781 3612 firmet
809 3549 871 3629 sol,
892 3550 1004 3610 educat
1018 3551 1117 3611 imber
