2717 4325
464 442 653 507 clicuit
676 444 806 507 cinit
829 455 872 511 64.
1126 448 1166 511 lb

258 614 404 691 Quaeque
423 615 506 692 regis
523 613 637 692 Golgos
659 631 798 693 quaeque
816 610 943 672 idalium
960 613 1148 694 frondosum,

258 696 406 773 Qualibus
424 699 578 758 incensam
600 699 735 758 iactastis
756 703 859 759 mente
877 694 1011 775 puellam

256 780 417 843 Fluctibus
436 783 469 841 in
490 782 567 841 ilavo
589 800 681 861 saepe
701 783 825 861 bospite
844 781 1063 859 suspirantem!

257 867 393 944 Quantos
411 864 467 926 illa
484 864 557 925 tulit
577 864 735 943 languenti
755 864 850 925 corde
870 864 1013 924 timores!

186 962 236 1019 100
256 949 375 1026 Quanto
398 968 490 1029 saepe
511 950 605 1027 magis
627 948 749 1027 fulgore
770 947 917 1028 expalluit
936 949 1017 1007 anri!

256 1034 332 1095 cum
352 1050 472 1093 saevum
493 1034 618 1113 cupiens
639 1040 748 1093 contra
768 1031 957 1093 contendere
975 1040 1145 1093 monstrum

255 1118 317 1177 Aut
337 1123 467 1177 mortem
488 1123 653 1196 oppeteret
670 1116 811 1176 Theseus
832 1122 884 1174 aut
902 1116 1037 1195 praemia
1056 1115 1165 1177 laudis.

255 1201 324 1265 Non
343 1202 584 1278 ingratatomen
605 1199 720 1260 frustra
741 1197 918 1259 munuscula
938 1197 1015 1259 diris

216 1342 219 1348 .
256 1285 444 1345 Promittena
464 1286 558 1344 tacito
579 1285 715 1363 suscepit
734 1290 805 1343 rota
820 1280 944 1342 labello.

186 1378 236 1439 105
255 1367 329 1428 Nam
350 1367 436 1428 velut
456 1368 488 1426 in
508 1380 623 1427 summo
645 1369 834 1447 quatientem
853 1365 976 1425 bracbia
998 1365 1101 1427 Tauro

257 1452 409 1529 Quercum
431 1456 483 1533 aut
502 1452 676 1530 conigeram
698 1450 818 1512 sudanti
838 1449 956 1509 cortice
973 1450 1078 1527 pinum

255 1535 436 1596 Indomitum
457 1536 569 1595 turben
590 1542 796 1614 contorquens
815 1533 937 1594 ilamiue
958 1535 1053 1593 robur

255 1618 346 1679 blrult
367 1617 437 1695 (illa
457 1616 566 1699 procul
587 1618 735 1679 radicitus
756 1620 915 1679 exturbata

255 1702 357 1762 Prona
378 1702 477 1777 cadit,
497 1700 622 1781 lateque
644 1710 677 1763 et
698 1704 835 1763 cominus
855 1701 955 1761 omnia
973 1700 1145 1782 frangens),

186 1798 237 1857 110
257 1784 308 1846 Sic
328 1785 442 1845 domito
464 1804 584 1848 saeuum
602 1788 769 1866 prostravit
790 1802 920 1866 corpore
942 1784 1081 1845 Tbeseas

256 1952 464 2031 Neqoicquam
482 1954 566 2013 vanis
587 1954 750 2013 iactantem
771 1972 885 2013 cornua
905 1953 1013 2011 vectis.

257 2033 332 2097 lude
353 2034 464 2117 pedem
485 2054 591 2115 sospes
612 2035 708 2096 multa
727 2056 795 2095 curu
815 2033 907 2095 laude
928 2035 1050 2096 reflexit

257 2118 438 2180 llrrabnndo
458 2136 569 2197 regens
591 2120 676 2180 tenui
694 2120 822 2198 vestigia
841 2116 912 2196 iilo,

257 2202 303 2263 Ne
323 2202 527 2282 labyrintheis
548 2221 567 2262 e
587 2205 716 2265 flexibus
735 2201 946 2281 egredientem

184 2299 235 2362 115
257 2287 349 2350 'l'ectl
370 2288 570 2350 frustraretur
590 2286 823 2348 inobservabilis
843 2304 941 2350 error.

258 2368 322 2430 Sed
344 2369 418 2450 quid
439 2389 496 2448 ego
517 2374 651 2450 aprimo
672 2369 829 2448 digressum
850 2369 985 2429 carmine
1002 2367 1091 2448 plura

257 2455 516 2529 (immemorem,
535 2461 570 2513 ut
588 2455 731 2533 linquens
751 2454 900 2532 genitoris
920 2451 984 2512 iilia
1004 2452 1135 2531 vultum,

258 2539 300 2598 Ut
320 2538 562 2616 consanguineae
584 2536 790 2617 complexum,
807 2543 842 2596 ut
862 2535 995 2614 denique
1016 2539 1136 2614 matris,

260 2621 344 2698 Quae
365 2621 476 2681 misera
496 2623 527 2680 in
549 2629 638 2700 gnata
660 2620 821 2700 deperdita
840 2619 1027 2697 laetabatur,

186 2715 238 2774 120
260 2705 405 2766 Omnibus
422 2705 471 2766 bis
494 2705 609 2766 'l'besei
631 2703 750 2764 dulcem
769 2705 961 2785 praeoptarit
980 2723 1127 2782 amorem,

258 2789 320 2848 Ant
339 2794 374 2848 ut
395 2794 481 2850 recta
503 2790 578 2849 ratis
598 2806 740 2869 spumosa
759 2788 798 2849 ad
817 2786 911 2848 litora
930 2786 1021 2866 iliae,

259 2869 351 2932 *Aut
371 2879 406 2932 ut
425 2891 492 2932 eam
514 2872 685 2932 deuinctam
703 2871 818 2932 lumina
840 2890 945 2933 somno

258 2955 400 3034 Liquerit
419 2958 588 3024 irnmemori
609 2955 772 3017 discedens
791 2962 920 3036 pectore
942 2956 1092 3014 coninua?

260 3039 359 3117 Saepe
377 3037 460 3098 iliam
481 3041 647 3118 perbibent
667 3039 789 3099 ardenti
806 3039 900 3099 corde
918 3038 1072 3098 furentem

185 3131 238 3184 125
258 3121 432 3184 clarisonas
448 3124 509 3188 imo
530 3121 645 3182 fudisse
666 3141 685 3182 e
704 3133 832 3203 pectore
852 3139 959 3199 voces,

258 3206 304 3265 ric
322 3214 387 3266 tum
408 3214 589 3286 praeruptos
608 3207 730 3266 tristem
751 3203 959 3267 conscendere
978 3211 1114 3280 montes,

259 3288 349 3350 Unde
370 3291 466 3350 aciem
487 3290 518 3350 in
539 3288 640 3370 pelagi
659 3296 761 3350 vastos
780 3288 983 3370 protenderet
1003 3295 1119 3364 aestus,

260 3372 339 3432 Tum
359 3373 484 3434 tremuli
504 3373 576 3434 salia
596 3372 738 3434 aduersas
756 3391 942 3454 procurrere
960 3375 994 3431 in
1013 3371 1109 3430 undas

259 3454 368 3516 Mollia
388 3456 518 3518 nudatae
540 3455 702 3518 tollentem
720 3459 853 3535 tegmina
873 3475 979 3532 sarae,

186 3547 239 3602 1³0
258 3539 360 3618 Atque
382 3542 458 3601 bace
476 3542 620 3602 extremis
640 3548 785 3600 maestam
802 3541 915 3600 dixisse
935 3537 1087 3617 querelis,

259 3623 434 3702 Frigidulbs
451 3623 512 3684 udo
533 3623 684 3703 singultus
703 3642 759 3683 ore
778 3626 918 3686 cientem.

121 3775 134 3793 Ι
179 3761 181 3764 .
302 3707 441 3768 ‘Siccine
461 3725 510 3768 me
530 3711 638 3788 patriis
658 3715 808 3783 avectam,
826 3705 961 3786 perfide,
983 3707 1020 3765 ab
1041 3707 1120 3783 oris,
