2717 4325
412 430 899 516 inseruisses.
1092 434 1133 499 os

186 645 246 739 30
263 645 327 751 Qui
337 678 435 758 videt,
445 681 472 739 is
482 680 607 761 peccat:
631 680 684 758 qui
695 685 728 739 te
739 699 802 740 uon
812 679 927 743 viderit
938 701 1025 764 crgo,
1076 648 1132 745 32

297 762 367 824 Nou
379 766 499 844 cupiet:
520 763 596 825 iacti
607 764 735 825 crimine
744 762 851 827 lumen
861 766 965 829 habet.

258 848 335 909 Nem
346 848 422 928 quid
430 846 596 909 Praenesti
606 846 724 926 dubias,
735 869 756 909 o
768 849 912 930 Cynthia,
925 857 1038 931 sortes,

300 932 383 1009 Quid
392 934 474 1014 petis
483 933 582 994 Aeaei
591 934 715 993 moenia
724 931 901 1013 Telegoni?

220 1027 236 1079 5
260 1017 361 1078 Gurvc
372 1023 406 1077 te
416 1020 449 1077 in
459 1014 651 1079 Herculeum
662 1014 829 1097 deportent
841 1018 950 1079 essedo
962 1019 1084 1082 Tiburi

299 1102 401 1181 Appio
412 1122 467 1163 cur
476 1102 593 1161 totien
604 1106 637 1159 te
646 1100 696 1159 via
707 1098 792 1160 ducit
803 1102 900 1161 unus?

258 1186 328 1245 Hoc
338 1186 454 1245 utinam
465 1186 601 1265 spatiere
612 1182 694 1262 loco,
707 1182 920 1263 quodcumque
931 1188 1062 1265 vacabis,

299 1269 450 1348 cynthia!
472 1287 542 1327 nom
552 1268 610 1327 tibi
622 1285 671 1327 me
683 1266 815 1328 credere
827 1269 918 1328 turbs
928 1274 1021 1349 vetut,

259 1351 338 1412 (ium
350 1350 437 1411 videt
448 1352 585 1412 accensis
598 1350 739 1412 devotam
751 1370 878 1413 currere
889 1351 990 1413 taedis

205 1444 241 1498 10
302 1436 336 1494 In
347 1454 456 1495 nemus
467 1440 499 1495 et
511 1435 636 1495 Triviae
645 1433 762 1496 lumine
771 1435 858 1497 t'erre
870 1435 957 1497 dece.

259 1517 389 1580 Scilicet
399 1520 552 1580 umbrosis
565 1518 673 1579 sordet
682 1518 832 1601 Pompeia
843 1517 993 1579 columnis

299 1603 443 1665 Porticus
455 1603 569 1663 aulaeis
580 1600 695 1664 nobilis
706 1602 860 1680 Attalicis,

257 1688 299 1747 nt
310 1689 422 1748 creber
436 1687 568 1767 platanis
582 1688 702 1769 pariter
713 1688 910 1767 surgentibus
922 1686 1011 1764 ordo,

298 1770 439 1833 Flumine
450 1772 550 1851 sopito
562 1790 703 1853 quaeque
713 1771 835 1832 Anione
845 1770 969 1848 cadunt,

206 1862 239 1914 15
261 1854 325 1914 Tot
334 1854 447 1914 leviter
456 1854 590 1934 lymphis
601 1862 667 1916 tots
677 1856 901 1937 crepitantibus
913 1855 991 1914 urbe

204 1950 210 1955 “
301 1937 378 1997 Cum
390 1938 491 1998 subito
504 1937 617 1999 'Priton
629 1957 684 1997 ore
695 1939 839 1997 recondit
851 1958 967 2017 aquarn,

152 2028 154 2031 ’
257 2019 403 2100 Falleris,
414 2022 656 2081 istutuifurtum
667 2022 716 2081 vic
725 2025 876 2080 monstrat
887 2021 1014 2079 umoris:

298 2105 368 2168 Non
379 2106 498 2181 urbem,
510 2103 648 2183 demens,
659 2104 776 2165 lumino
786 2108 893 2164 nostru
902 2104 1001 2182 fugis:

258 2189 311 2252 Nil
323 2191 398 2268 agis,
409 2187 538 2249 insidias
547 2190 582 2250 iu
591 2208 640 2249 me
652 2189 810 2270 componis
821 2189 939 2266 inanes,

205 2282 241 2337 20
304 2272 423 2334 Tendis
434 2275 520 2334 iners
533 2272 624 2334 docto
637 2273 718 2334 retis
729 2278 804 2331 nota
813 2272 899 2333 milri,

154 2411 156 2415 ,
259 2357 322 2418 Sed
334 2357 373 2417 de
384 2376 434 2418 me
445 2359 545 2418 minus
558 2362 620 2417 cst:
641 2357 742 2416 iamne
752 2356 870 2418 iectura
882 2355 1012 2437 pudicae

301 2441 402 2500 Tanto
412 2441 470 2500 tibi
481 2442 624 2518 miserae,
637 2446 751 2519 quantu
761 2439 904 2516 mereris,
917 2439 987 2500 erit.

152 2532 154 2542 “
258 2523 366 2604 Nuper
379 2525 461 2585 enim
472 2523 511 2584 de
522 2530 555 2584 tc
566 2530 689 2584 nostres
699 2543 748 2583 me
758 2521 857 2584 laedit
870 2520 909 2582 sd
919 2538 1010 2582 sures

298 2609 415 2669 Rumor
428 2613 460 2667 et
473 2608 507 2667 in
516 2614 583 2668 totu
595 2627 658 2668 non
669 2610 768 2668 bonus
779 2609 858 2667 urbe
867 2605 937 2668 fuit.

204 2700 238 2754 25
261 2691 444 2753 Sedtunon
455 2690 551 2751 debes
562 2692 705 2752 inimicae
718 2689 1000 2768 crederelinguse:

300 2776 430 2857 Semper
440 2775 585 2836 formosis
595 2773 700 2836 isbuls
709 2793 811 2855 poena
821 2775 890 2835 fuit.

257 2859 327 2920 Non
338 2867 390 2922 tus
404 2859 559 2940 deprenso
571 2859 713 2920 damnate
726 2865 775 2920 est
786 2859 867 2920 famo
876 2876 1013 2919 veneno:

300 2943 406 3006 Testis
417 2945 480 3005 eris
491 2963 595 3025 purus,
608 2944 749 3022 Phoebe,
759 2941 868 3004 videre
879 2961 995 3004 manus.

258 3027 314 3088 Sin
325 3033 427 3088 eutem
436 3027 529 3106 longo
541 3047 602 3086 nox
611 3048 671 3086 unc
683 3033 735 3087 sut
747 3025 848 3087 alters
856 3024 930 3087 luxu

203 3119 238 3173 30
299 3110 488 3187 (iousumptc
499 3116 558 3186 cst,
569 3127 693 3168 nonme
706 3110 1080 3188 criminaparvcmouent.

259 3191 415 3272 Tyndari
425 3197 554 3252 externo
565 3193 698 3270 putrium
709 3191 836 3250 mutavit
847 3209 951 3250 umore

297 3278 341 3338 Et
351 3276 418 3335 sine
429 3273 558 3334 decreto
568 3275 636 3332 vivs
646 3273 776 3332 reducta
788 3270 910 3332 dommo
921 3279 979 3334 est.

258 3362 327 3443 ipsu
335 3359 445 3423 Venus
456 3359 590 3436 quamvis
602 3362 749 3437 corrupta
758 3353 890 3417 libidine
902 3357 1015 3416 Martis

298 3443 368 3505 Non
377 3445 478 3506 minus
489 3443 521 3501 in
533 3439 620 3501 coelo
632 3460 755 3521 semper
767 3442 899 3501 honesta
910 3439 982 3516 fuit,

205 3537 239 3593 bb
261 3529 404 3606 Quemvis
414 3526 469 3588 Idu
478 3525 581 3586 Parim
592 3531 750 3604 pastorem
762 3523 845 3586 dicat
857 3539 975 3583 amasse

298 3614 402 3691 Atque
413 3613 497 3671 iuter
509 3609 646 3691 pecudes
659 3610 838 3670 accubuisse
852 3606 949 3666 deum

257 3697 327 3758 Hoc
339 3702 372 3756 et
383 3694 632 3776 Hamadryadum
643 3693 795 3776 spectavit
804 3691 896 3753 turbu
909 3705 1050 3750 sororum
