2717 4325
255 456 296 520 98
553 450 912 515 Pnornssu

295 668 321 761 d
339 665 438 763 saera
449 703 525 763 feeit
536 707 637 762 vates:
659 702 723 762 sint
732 721 787 760 ora
798 701 932 761 foventia
941 706 1049 783 suerin,

377 786 419 846 Et
430 785 519 845 cadat
531 790 601 843 ante
614 802 700 845 meos
712 786 774 843 iets
786 786 913 845 iuvenes
922 786 1019 848 foeos.

339 870 420 931 Cera
429 868 600 928 Philetaeis
612 872 715 928 eertet
722 867 859 929 Romana
869 870 1034 947 corymbis,

377 953 420 1013 Et
431 951 605 1031 Cyrenaeas
616 970 693 1013 urna
702 951 860 1015 ministret
870 971 972 1029 squas.

300 1049 316 1099 ὁ
339 1036 466 1097 costum
476 1032 571 1095 molle
583 1034 700 1097 dateet
710 1033 901 1095 blandimini
911 1036 990 1098 turis
999 1036 1146 1114 honores,

379 1118 506 1198 Terque
517 1118 619 1179 foeum
630 1120 713 1178 eirea
723 1116 832 1177 laneus
843 1119 928 1180 orbis
939 1124 999 1179 eat.

338 1202 480 1283 Spargite
491 1220 539 1262 me
550 1201 694 1280 lymphis,
706 1220 891 1279 carmenque
902 1202 1080 1262 recentibus
1091 1203 1153 1262 sris

377 1286 469 1347 Tibia
478 1284 655 1365 Mygdoniis
669 1286 748 1346 libet
759 1286 876 1345 eburna
886 1284 980 1346 sadis.

337 1371 383 1430 lte
394 1366 503 1448 proeul
513 1367 648 1445 fraudes,
660 1366 720 1428 alio
730 1370 794 1429 sint
803 1386 877 1428 sere
888 1387 1000 1429 nouae:

285 1464 319 1515 10
379 1453 461 1513 Pura
471 1472 581 1513 novum
590 1453 651 1513 vati
661 1453 768 1513 laurea
777 1449 878 1512 mollit
888 1454 963 1512 itero

336 1537 436 1615 Musa,
446 1534 579 1597 Palatini
590 1536 763 1596 referemus
774 1534 930 1614 Apollinis
943 1533 1069 1598 aedems

377 1621 440 1680 Res
450 1626 509 1697 est,
522 1616 675 1700 calliope,
686 1618 779 1697 digna
788 1619 895 1679 lavore
907 1626 969 1681 tuo.

338 1704 478 1765 Caesaris
489 1705 522 1761 in
532 1721 644 1762 nomen
658 1701 811 1762 ducuntur
821 1704 972 1763 earmina:
994 1703 1108 1764 Caesar

378 1787 456 1845 llum
468 1786 597 1859 canitur,
610 1802 735 1864 quaeso,
747 1786 886 1866 luppiter
896 1788 964 1866 lpse
976 1804 1074 1845 voees.

284 1881 317 1933 15
337 1870 395 1930 Est
404 1869 523 1927 Phoebi
533 1868 655 1947 fugiens
669 1868 837 1929 dtlramans
847 1870 886 1929 ad
895 1869 990 1930 litora
1000 1875 1118 1948 portus,

376 1953 441 2029 Qua
453 1953 537 2011 sinus
547 1951 651 2011 lonlae
662 1972 817 2013 murmure
827 1952 934 2015 eondit
944 1971 1051 2031 aquae,

335 2037 424 2097 Aetia
436 2032 538 2095 luleae
549 2035 676 2114 pelagus
687 2037 874 2096 monimenta
884 2037 1017 2113 carinae,

375 2120 701 2180 Nautarumvotisnou
712 2122 910 2200 operosavia.
928 2157 933 2166 ·

334 2204 403 2263 Hac
414 2202 518 2262 mundi
530 2205 634 2264 coiere
646 2223 766 2264 manus:
787 2207 877 2264 stetit
887 2222 1022 2283 aequore
1031 2200 1130 2264 moles

281 2297 315 2348 2⁰
374 2287 481 2363 Pinea,
491 2305 550 2346 nee
561 2288 654 2348 remis
665 2306 765 2366 aequa
774 2288 896 2348 favebat
907 2289 978 2349 svis.

334 2369 443 2430 Altera
454 2368 560 2430 elassis
572 2377 640 2431 erat
651 2371 775 2431 'seuero
789 2370 930 2430 damnate
940 2371 1081 2446 Quirino,

373 2452 503 2532 Pilaque
514 2454 649 2515 feminea
658 2456 794 2535 turpiter
805 2461 873 2516 aeta
883 2473 988 2514 manu:

332 2539 414 2598 Hine
425 2539 562 2615 Auguste
572 2539 648 2598 ratis
658 2535 762 2617 plenis
773 2539 852 2599 lovis
865 2539 966 2598 omine
975 2534 1054 2595 velis

373 2621 527 2700 Signaque
537 2623 597 2682 iam
607 2623 727 2702 patrios
739 2623 866 2682 sineere
877 2620 969 2682 doeta
979 2637 1062 2680 suae.

279 2712 312 2764 25
334 2703 474 2764 Tandem
486 2706 567 2764 acies
579 2706 717 2783 geminos
727 2703 848 2765 Nereus
858 2706 979 2766 lunarat
989 2704 1021 2762 iu
1034 2721 1133 2779 arens,

248 2797 253 2808 '
372 2788 535 2848 Armorum
545 2788 640 2848 radiis
650 2789 735 2867 piets
743 2790 898 2849 tremebat
908 2807 995 2867 equs,

333 2869 410 2930 cum
420 2870 564 2930 Phoebus
574 2869 720 2949 linquens
732 2878 865 2932 stantem
876 2890 910 2930 se
921 2869 1043 2932 vindiee
1051 2868 1154 2930 llelou

396 2953 471 3012 Nam
482 2951 556 3012 tulit
565 2953 662 3013 iratos
672 2953 794 3015 mobilis
805 2974 866 3014 uns
876 2947 995 3039 Notos)

331 3037 440 3096 Astrtit
450 3037 580 3114 Augusti
592 3038 718 3118 puppim
730 3057 833 3117 super,
845 3044 880 3098 et
888 3057 967 3097 novo
978 3039 1098 3098 flemma

278 3125 313 3179 30
373 3119 465 3180 Lusit
475 3122 508 3180 in
520 3119 673 3200 obliquam
685 3129 736 3181 ter
747 3123 866 3182 sinuato
876 3121 985 3181 feeem.
1011 3129 1016 3136 '

329 3202 399 3262 Non
413 3202 470 3264 ille
481 3202 628 3264 attulerat
640 3207 742 3266 crines
751 3207 784 3265 iu
797 3203 878 3265 eolla
890 3204 1007 3266 solutos

370 3289 433 3348 Aut
444 3287 638 3349 testudineae
651 3307 775 3349 carmen
786 3291 906 3350 inerme
916 3286 1015 3368 lyrae,

331 3367 394 3430 Sed
407 3368 491 3449 quali
502 3373 620 3452 aspexit
629 3369 801 3453 Pelopeum
811 3374 1040 3452 Agamemnone
1050 3367 1145 3445 vultu,

296 3515 297 3521 χ
364 3455 556 3534 Egessitque
570 3455 664 3515 avidis
675 3456 789 3516 Dorica
800 3465 900 3518 eastra
910 3457 1005 3534 rogis,

277 3543 310 3596 35
332 3538 395 3596 Aut
407 3536 504 3617 qualis
512 3539 610 3600 flexos
621 3536 714 3598 solvit
725 3539 866 3618 Pythona
874 3559 934 3620 per
944 3539 1038 3598 orbes

370 3619 565 3700 Serpentem,
578 3618 713 3681 inbelles
725 3641 817 3700 quem
826 3623 958 3682 timuere
968 3618 1066 3700 lyrae.

329 3702 403 3762 Mox
416 3705 458 3762 ait
470 3707 500 3762 ‘o
511 3703 603 3782 longa
613 3704 719 3764 mundi
729 3711 870 3766 servator
881 3706 917 3765 ab
929 3701 1019 3780 Alba,

1266 3790 1268 3891 l
