2717 4325
163 422 204 484 32
499 421 643 482 TIBULLI
664 421 733 482 LlB.
749 417 785 480 ll.
803 431 828 482 5.

204 591 296 654 Unda
315 588 407 651 deum
429 588 515 650 caelo
537 589 657 649 miserit
678 588 860 668 Indigetem.

162 677 245 738 Ecce
264 693 357 755 super
378 674 477 735 fessas
498 671 607 734 volitat
627 672 768 735 Victoria
787 691 923 754 puppes,
1133 686 1166 740 45

206 757 346 819 Tandem
366 756 405 819 ad
427 757 581 818 Troianos
602 755 670 816 diva
691 757 825 837 superba
845 758 937 817 venit.

161 845 244 906 Ecce
265 843 341 902 milri
360 840 467 903 lucent
488 839 610 904 Rutulis
631 840 776 901 incendia
799 842 925 900 castrisr

204 927 265 986 lam
284 927 344 986 tibi
363 925 528 1006 praedico,
551 927 683 986 barbare
706 925 835 1003 Turne,
852 943 971 985 necem.

160 1011 243 1070 Ante
265 1009 372 1070 oculos
393 1010 531 1071 Laurens
553 1016 687 1070 castrum
707 1015 874 1088 murusque
895 1007 1002 1068 Lavini
1025 1017 1073 1070 est

203 1092 344 1173 Albaque
367 1095 404 1155 ab
425 1095 557 1156 Ascanio
581 1092 706 1153 condita
724 1091 816 1171 longa
839 1092 926 1155 duce.
1133 1107 1166 1158 50

161 1177 210 1238 'l'e
233 1195 355 1257 quoque
376 1178 436 1238 iem
456 1178 562 1256 video,
585 1177 681 1238 Marti
702 1174 853 1257 placituro
875 1176 1019 1238 sacerdos

202 1260 274 1339 llia,
294 1259 439 1324 Vestales
461 1260 639 1322 deseruisse
660 1262 763 1339 focos,

162 1345 414 1425 (loncubitusque
432 1353 502 1406 tuos
522 1346 630 1407 furtim
650 1347 804 1422 vittasque
825 1345 963 1405 lucentes

201 1429 244 1489 Et
266 1428 371 1509 cupidi
392 1428 431 1488 ad
452 1431 535 1510 ripas
558 1449 640 1490 arma
663 1427 775 1488 relicta
798 1427 859 1488 dei.
1283 1471 1284 1508 ,

161 1512 288 1593 Carpite
309 1532 408 1591 nunc,
430 1515 526 1591 tauri,
548 1512 588 1574 de
609 1520 729 1593 septem
751 1513 906 1572 montibus
924 1513 1054 1591 herbas,
1130 1526 1162 1579 55
1283 1521 1284 1584 l

203 1595 281 1657 llum
299 1594 392 1656 licet:
413 1597 465 1655 hic
486 1615 613 1676 magnae
634 1599 694 1657 iam
715 1594 803 1656 locus
823 1598 908 1656 urbis
930 1599 1000 1657 erit.

159 1678 273 1758 Roma,
293 1685 379 1740 tuum
400 1699 513 1740 nomen
535 1681 629 1740 terris
650 1679 746 1740 fatale
767 1679 929 1760 regendis,

202 1763 269 1838 Qua
291 1762 406 1823 suade
429 1763 515 1824 caelo
535 1765 687 1845 prospicit
708 1785 779 1825 arva
801 1766 913 1843 Ceres,

160 1847 288 1990 ngqlue
308 1853 417 1990 palpept
438 1853 659 1993 {mast-,qua
679 1850 871 1950 fluitantibus
894 1847 983 1909 undis

225 1949 342 1990 orsau
366 1949 437 1990 ean
471 1951 524 1991 sa
559 1952 590 1992 ur
623 1952 845 1994 amnrseuos.
1128 1945 1163 2000 60

160 2014 256 2074 Troia
278 2013 403 2094 quidem
421 2021 495 2075 tunc
517 2035 551 2076 se
573 2017 735 2077 mirabitur
757 1953 789 2077 gt
808 2017 867 2077 sibi
890 2015 973 2078 dicet

201 2099 264 2160 Vos
286 2100 367 2158 benc
387 2106 450 2159 tam
470 2096 565 2180 longa
586 2100 775 2161 cousuluisse
796 2102 854 2161 via.
882 2107 888 2112 ‘

157 2182 242 2244 Vera
261 2202 352 2243 cauo:
374 2185 419 2243 sic
440 2202 538 2262 usque
560 2205 663 2244 sacrus
684 2187 808 2245 innoxia
829 2183 933 2245 laurus

198 2267 333 2344 Vescur,
353 2274 386 2327 et
407 2271 567 2327 aeternum
589 2269 630 2327 sit
650 2268 726 2326 mihi
746 2266 926 2345 virginitas.⁵

156 2350 242 2410 Haec
264 2352 378 2411 cecinit
395 2357 481 2411 vates
503 2358 537 2411 et
556 2358 590 2412 te
611 2352 687 2429 sibi,
708 2350 852 2428 Phoebe,
874 2353 1008 2432 vocavit,
1126 2364 1160 2420 65
1283 2382 1284 2393 ι

198 2434 324 2495 lactavit
343 2436 427 2496 fusas
449 2441 482 2495 et
505 2442 596 2516 caput
618 2440 690 2496 ante
711 2455 819 2495 comas.
969 2450 988 2474 ·.

156 2517 309 2597 Quicquid
330 2517 512 2598 Amalthea,
535 2518 681 2598 quicquid
698 2520 871 2601 Marpessiu
892 2518 985 2597 dixit,

197 2600 371 2683 Herophile
391 2602 519 2664 Phoebo
542 2611 629 2683 grata
651 2603 734 2683 quod
756 2603 929 2682 admonuit,

155 2686 299 2765 Quasque
319 2686 440 2749 Albana
459 2707 561 2748 sacras
584 2688 709 2748 Tiberis
727 2707 785 2767 per
803 2685 931 2749 flumina
952 2694 1053 2751 sortes

195 2768 333 2829 Portarit
355 2772 437 2831 sicco
459 2772 688 2852 pertuleritque
710 2774 795 2850 sinu,

155 2852 328 2928 (Haesere
350 2853 494 2915 dixerunt
515 2855 592 2916 belli
612 2854 691 2916 mala
714 2858 818 2935 signa,
840 2863 998 2937 cometen,

196 2934 315 2998 Multus
336 2945 371 2998 ut
391 2941 425 2999 iu
445 2946 547 3000 terras
568 2937 794 3018 deplueretque
815 2937 909 3019 lupis:

154 3020 257 3099 Atque
276 3024 365 3084 tubas
387 3028 480 3103 atque
500 3043 582 3084 erma
605 3023 712 3083 ferunt
734 3024 930 3104 strepitantia
950 3024 1035 3087 caelo

195 3102 310 3166 Audita
329 3114 362 3167 et
381 3106 469 3168 lucos
489 3108 700 3189 praecinuisse
721 3109 840 3188 fugem,

152 3188 194 3248 nt
214 3189 377 3252 simulacre
398 3191 489 3253 deum
510 3190 652 3252 lacrimas
673 3190 791 3254 fudisse
813 3197 958 3275 tepentes

194 3273 333 3355 Fataque
355 3275 478 3336 vocales
499 3278 732 3356 praemonuisse
753 3280 863 3359 boves,

151 3358 253 3437 lpsum
275 3360 367 3420 etiam
389 3359 492 3420 Solem
512 3359 668 3422 defectum
689 3359 806 3423 lumine
826 3362 904 3423 vidit

194 3442 325 3524 Iungere
346 3442 499 3525 pallentes
520 3443 645 3506 nubilus
665 3466 763 3507 annus
783 3447 894 3528 equos)

152 3526 238 3587 Haec
258 3528 383 3589 fuerant
405 3526 493 3589 olim:
515 3527 571 3590 sed
592 3536 627 3590 tu
646 3531 706 3590 iam
728 3533 826 3610 mitis,
847 3527 979 3612 Apollo,

193 3610 340 3690 Prodigia
360 3610 518 3674 indomitis
539 3632 645 3693 merge
664 3616 721 3676 sub
743 3617 943 3694 aequoribus,

153 3692 195 3757 lut
216 3714 362 3758 succensa
384 3698 480 3758 sacris
502 3699 638 3780 crepitet
658 3700 740 3761 bene
760 3697 867 3759 laurea
886 3700 1033 3780 flammis,
