2717 4325
451 425 645 489 criniti
667 424 801 487 cnuti.
821 436 866 489 tl.
883 437 926 490 η
1148 425 1188 489 1³

217 611 250 666 25
271 600 313 659 lut
333 601 473 679 supinum
494 598 626 656 animum
645 596 679 655 in
700 597 784 672 gravi
806 565 1025 671 derelinquere
1047 611 1159 669 caeno,
1231 668 1235 677 Ι

273 683 422 743 Ferreum
442 690 477 741 ut
493 678 608 741 soleam
627 680 729 738 tenaci
747 680 781 738 in
800 679 945 756 voragine
965 675 1070 764 mula

463 892 477 909 ²
550 880 586 894 ··
625 867 736 951 'xxa

299 978 428 1088 Aureli,
449 1016 538 1091 pater
559 1011 791 1086 essuritionum,
827 1029 829 1031 ’

294 1093 361 1153 Non
383 1096 491 1154 harum
512 1093 621 1172 modo,
640 1092 696 1153 sed
719 1100 794 1172 quot
815 1097 867 1153 aut
887 1092 1015 1157 fuerunt
1052 1127 1054 1132 ·

204 1216 244 1252 ,-
296 1178 360 1237 Aut·
380 1186 451 1238 sunt
467 1184 518 1237 aut
539 1176 607 1237 aliis
628 1183 720 1242 erunt
740 1171 773 1235 in
794 1177 898 1254 annis,
973 1225 976 1231 .

296 1260 462 1320 Paedicare
484 1263 569 1340 cupis
591 1280 681 1327 meos
697 1277 826 1319 amores.
844 1268 853 1332 J
1078 1319 1082 1328 ,

261 1354 276 1405 5
298 1344 362 1417 Nec
383 1343 476 1403 elam:
497 1362 566 1403 nam
589 1343 678 1403 simul
699 1361 749 1420 es,
769 1341 882 1402 iocaris
902 1360 978 1418 una,
1037 1364 1039 1372 ·

297 1427 438 1487 Haerens
460 1426 498 1487 ad
518 1427 597 1487 latus
619 1426 719 1487 omnia
739 1425 898 1505 experiris.

296 1511 441 1589 Frustra:
462 1530 532 1570 narn
550 1509 676 1570 insidias
698 1510 773 1569 mihi
792 1509 997 1572 instruentem

297 1594 439 1673 Tangam
455 1600 487 1653 te
506 1596 594 1675 prior
611 1594 823 1654 irrumatione.
841 1661 844 1667 ¹

296 1679 399 1756 Atque
419 1677 453 1737 id
473 1678 503 1750 si
519 1678 640 1737 iaceres
661 1682 762 1753 satur,
789 1682 940 1742 tacerem:

243 1771 277 1826 10
297 1762 384 1821 Nunc
405 1763 504 1842 ipsum
525 1761 558 1821 id
580 1760 689 1838 doleo,
713 1759 795 1839 quod
816 1760 962 1825 essurire·

297 1844 343 1905 Mi
361 1862 446 1903 meus
465 1863 544 1923 puer
565 1851 598 1904 et
617 1845 706 1903 sitire
725 1843 836 1902 discet.
900 1879 903 1884 .
1005 1877 1007 1881 ·

298 1928 399 2003 Quare
417 1926 541 2003 desine,
560 1926 630 1987 dum
650 1926 727 1986 licet
747 1925 913 2007 pudicos
1012 1965 1016 1971 -
1081 1965 1084 1969 -
1146 1932 1150 1938 '

297 2011 343 2071 Ne
364 2012 457 2071 finem
476 2011 586 2090 iacias,
607 2009 663 2071 sed
683 2012 856 2069 irrumutus.
918 2071 920 2075 ,

280 2300 429 2400 Suffenus
450 2332 529 2418 iste‚‘
549 2339 650 2418 Vere,
671 2341 762 2419 quem
782 2338 881 2419 probe
901 2331 1000 2415 nosti,
1084 2350 1087 2357 ’

278 2423 378 2482 Ηοιιιο
400 2428 451 2482 est¹
467 2429 611 2482 venustus
632 2430 664 2482 et
687 2422 828 2482 dicaret
848 2423 1000 2498 urbanus,
1058 2488 1061 2496 ,

278 2505 424 2584 Idemque
445 2503 539 2582 longe
560 2503 709 2582 plurimos
729 2505 804 2565 facit
820 2522 937 2564 versus,

278 2589 357 2648 Puto
380 2605 453 2654 esse,
469 2605 526 2665 ego
547 2585 594 2646 illi
615 2587 699 2647 milia
720 2593 772 2646 aut
793 2585 901 2645 decem
920 2592 972 2646 aut
994 2585 1082 2668 plura

244 2683 260 2734 5
282 2666 475 2751 Perscrip'tm
497 2687 555 2728 nec
573 2670 624 2752 sic*
641 2676 676 2730 nt
695 2670 733 2730 iit
750 2671 783 2729 in
804 2669 1002 2750 palimpsesto
1076 2727 1080 2734 ,

277 2755 401 2815 Relata:
425 2756 549 2814 chartae
571 2754 692 2832 regiae,
712 2756 803 2821 novei
824 2751 916 2832 libri,

278 2837 355 2898 Novi
375 2837 511 2898 umbilici
520 2879 536 2918 ,Ι
551 2835 620 2900 lora
641 2838 750 2916 rubra,
771 2838 946 2902 membrana

278 2915 404 2981 Direc'ta
425 2920 565 3000 plumbo,
589 2927 622 2980 et
641 2921 762 3000 pumice
783 2920 883 2981 omnia
904 2925 1043 3001 aequata.

279 3005 364 3063 Haec
387 3004 454 3063 cum
474 3002 559 3082 legas
581 3010 630 3082 tu,
650 3003 753 3064 bellus
774 3004 830 3065 ille
852 3010 885 3064 et
907 3004 1026 3064 urbana

226 3099 260 3150 10
281 3087 423 3148 Suffenus
444 3107 521 3147 unns
543 3086 745 3166 caprimulgus
765 3095 817 3151 aut
836 3087 939 3147 fossor

278 3172 395 3252 Rursus
416 3169 553 3232 videtur:
569 3176 692 3241 tantum
713 3173 860 3232 abhorret
881 3191 916 3230 uc
936 3174 1042 3248 mutat.

280 3255 348 3313 Hoc
365 3253 441 3332 quiet
459 3259 601 3333 putemus
622 3254 714 3315 esse?
736 3256 787 3332 qui
804 3254 899 3315 'modo
921 3259 1028 3315 scurra

279 3339 342 3406 Aut
363 3337 463 3416 siquid
485 3339 542 3397 hae
563 3354 599 3395 re
621 3338 726 3397 tritius
746 3337 923 3416 videbatur,

278 3413 364 3481 ld'e'm
384 3421 518 3480 infaceto
541 3426 590 3480 est
608 3421 773 3481 infacetior
793 3439 884 3500 rure,

226 3516 258 3567 15
282 3502 380 3563 Simul
400 3510 541 3582 poemata
558 3505 678 3583 attigit,
695 3522 801 3585 neque·
817 3504 899 3564 idem
917 3522 1050 3580 unquam

280 3589 388 3663 Aeque
410 3593 459 3667 est
479 3588 643 3647 beatusne
664 3605 774 3668 poema
796 3608 864 3648 cum
885 3588 1008 3646 scribit:

281 3669 359 3730 Tam
380 3668 493 3749 gautlet
512 3671 543 3730 in
563 3677 740 3750 actamque
758 3690 795 3732 se
815 3673 883 3750 ipse
903 3670 1041 3734 miratur.
