2717 4325
222 408 266 473 42
355 396 364 407 ’
522 401 888 466 Pnornn‘rlr

307 575 379 637 Sive
390 574 459 653 vagi
471 574 574 637 crinea
585 572 673 653 puris
684 572 718 631 in
727 571 884 632 frontibus
895 581 1013 652 errant,

251 670 287 723 10
346 657 452 719 indica
463 676 540 737 quoa
552 655 655 717 medio
668 656 788 716 vertice
800 674 920 733 gemma
930 662 1028 721 tenet.

306 744 392 821 Quae
404 742 525 802 aiforte
537 739 655 820 aliquid
664 737 753 799 vultu
762 740 837 799 mihi
850 737 927 800 dura
937 749 1077 822 negarat,

344 825 474 905 Frigida
485 822 525 885 de
536 830 603 885 tota
612 824 720 885 fronte
731 822 862 884 cadebat
873 843 961 902 aqua.

306 911 448 988 Quaeris,
459 908 673 989 Demophoon,
686 928 741 967 cur
753 909 811 969 aim
820 914 884 967 tam
894 906 998 969 mollia
1007 911 1042 969 in
1052 916 1192 976 omneai

349 992 440 1071 Quod
454 992 578 1071 quaeris
589 993 693 1069 Quare
704 992 873 1052 nonhabet
884 990 965 1051 nllua
977 1012 1071 1057 amor.

252 1086 285 1139 15
307 1078 371 1139 Cur
384 1074 495 1157 aliquia
507 1078 604 1137 sooria
614 1076 712 1137 laniat
722 1096 777 1136 aun
787 1076 914 1136 brachia
925 1075 1033 1138 cultris

343 1162 386 1223 nt
397 1161 531 1241 Phrygio
545 1163 670 1222 maanoa
682 1159 823 1221 caeditur
834 1158 873 1219 ad
883 1162 1053 1223 numerosi

302 1245 479 1324 Unicuique
491 1244 580 1306 dedit
589 1246 699 1314 vitium
709 1250 820 1304 natura
830 1249 953 1303 creato:

343 1330 392 1389 Mi
406 1329 532 1389 fortuna
544 1327 661 1407 aliquid
671 1346 797 1407 semper
808 1345 911 1387 amare
924 1325 1026 1387 dedit:

302 1412 358 1474 Me
368 1411 446 1472 licet
457 1419 490 1474 et
502 1412 677 1493 Thamyrae
689 1413 826 1473 cantoria
836 1410 901 1471 fata
911 1417 1090 1490 aequantur,

249 1507 285 1559 20
347 1496 520 1576 Numquam
535 1496 575 1556 ad
585 1496 747 1574 formosas,
758 1494 874 1574 invide,
886 1514 996 1556 caecus
1008 1513 1073 1557 ero.

303 1580 368 1641 Sed
378 1582 437 1640 tibi
450 1583 477 1640 ai
490 1580 589 1641 exiles
600 1579 709 1639 videor
719 1585 864 1639 tenuatur
874 1579 907 1639 in
919 1584 1015 1656 artua,

343 1661 494 1723 Falleris:
516 1662 598 1723 haud
614 1682 757 1742 nmquam
768 1668 818 1723 eat
829 1660 912 1723 culta
920 1662 1030 1723 labore
1041 1662 1149 1727 Venno

301 1747 494 1806 Percontere
505 1743 599 1806 licet:
615 1764 709 1826 aaepe
721 1753 771 1809 eat
782 1752 909 1827 experta
919 1743 1026 1828 puella

343 1830 488 1891 Officium
498 1836 566 1891 tota
576 1837 669 1890 nocte
681 1828 787 1893 valere
800 1850 911 1893 meum

248 1922 283 1977 25
303 1914 444 1995 luppiter
454 1912 621 1975 Alcmenae
633 1917 770 1994 geminas
781 1917 980 1995 requieverat
989 1915 1103 1977 Arcton

342 1999 385 2059 nt
396 1996 516 2059 coelum
527 2006 622 2060 noctu
632 2000 681 2060 hia
692 2001 760 2062 aine
771 2018 848 2078 rege
857 1999 930 2077 furt,

300 2082 365 2143 Nec
376 2088 480 2144 tamen
491 2082 609 2145 idcirco
620 2081 771 2163 languena
783 2083 823 2144 ad
832 2082 963 2144 fulmina
974 2083 1076 2145 venit·

341 2167 450 2228 Nullua
463 2189 547 2230 amor
557 2171 640 2230 vires
652 2171 748 2249 eripit
757 2170 827 2249 ipse
838 2187 917 2228 auaa.

301 2251 405 2328 Quid?
427 2249 700 2331 cumecomplexu
710 2251 870 2312 Brraeidoa
880 2253 944 2312 rret
955 2249 1105 2330 Achillea,

247 2343 282 2397 30
342 2334 422 2394 Num
432 2335 542 2414 fugere
554 2354 653 2396 nunna
667 2334 820 2396 Theaaala
831 2332 896 2394 tela
908 2335 1072 2413 Phrygem
1285 2346 1286 2413 ι

238 2480 242 2490 ,
300 2417 404 2496 Quid?
441 2419 528 2480 ferna
557 2417 792 2480 Andromachae
820 2418 906 2478 lecto
934 2438 1004 2480 cum
1030 2425 1180 2499 surgeret
1284 2450 1285 2499 ι

780 2503 910 2581 Hector,

340 2586 428 2648 Bella
438 2587 629 2667 Mycenaeae
642 2606 706 2647 non
715 2587 849 2646 timuere
860 2587 968 2647 ruteni

298 2667 356 2731 ille
366 2671 417 2732 vel
427 2673 479 2732 hic
490 2671 606 2732 olaaaea
617 2676 743 2752 poterat
752 2669 803 2731 vel
813 2670 950 2751 perdere
962 2690 1075 2733 muros.
1281 2742 1282 2755 χ

338 2754 399 2813 Hic
413 2754 784 2831 egoPelidea,hicferua
794 2755 994 2834 Hectorego.
1084 2829 1087 2833 ¹
1280 2794 1281 2839 ι

243 2842 279 2896 35
299 2836 426 2915 Aspice,
439 2837 485 2894 uti
497 2836 584 2897 caelo
596 2835 688 2896 modo
700 2836 748 2896 aol
758 2837 849 2899 modo
860 2836 933 2898 luna
943 2839 1116 2899 ministret:

339 2918 391 2978 Sic
403 2920 497 2979 etiam
507 2920 596 2979 nobia
608 2939 668 2978 una
677 2917 785 2998 puella
794 2941 903 3001 parum
914 2928 972 2984 eat

298 2999 408 3062 Altera
422 3020 471 3062 me
484 3001 603 3082 cupidis
614 3008 723 3063 teneat
733 3003 898 3084 foveatque
908 3004 1047 3083 lacertis,

338 3083 448 3146 Altera
459 3087 485 3145 ai
497 3086 618 3165 quando
630 3106 693 3148 uon
705 3087 780 3148 aiuit
791 3107 860 3150 eoae
872 3088 985 3168 locum,

295 3169 359 3229 Aut
370 3187 397 3227 ιι
387 3169 491 3229 forte
501 3171 581 3230 irata
589 3190 658 3232 meo
670 3172 967 3251 sitfactm1niatro,

242 3258 278 3314 40
339 3251 383 3314 1Jt
393 3253 471 3313 aciat
482 3272 551 3313 ease
563 3254 652 3316 alram
653 3275 754 3335 quae
765 3255 841 3317 velrt
852 3276 922 3317 eaae
933 3275 1010 3318 mea

295 3336 373 3397 Nam
383 3334 493 3395 melius
504 3336 565 3396 duo
577 3336 751 3400 defenduut
760 3339 934 3401 retinacula
945 3340 1057 3417 navim,

337 3418 928 3497 Tutiuactgeminoaanxiamateralit
1270 3440 1274 3521 4

227 3551 281 3646 16
296 3549 401 3648 Antei
412 3607 446 3648 ea
457 3585 544 3665 dura,
555 3605 649 3664 nega:
672 3587 722 3645 ain
732 3604 767 3646 ea
778 3607 842 3649 non
851 3589 939 3666 dura,
950 3591 1066 3654 venito.

336 3671 419 3748 Quid
428 3674 512 3735 iuvat
521 3674 554 3732 iu
564 3667 652 3731 nullo
663 3686 783 3751 ponere
793 3673 889 3732 verba
898 3671 994 3734 loco?
1259 3698 1271 4095 ¹

154 4062 250 4075 -h-..q
