<?xml version="1.0" encoding="UTF-8"?>
<!DOCTYPE html PUBLIC "-//W3C//DTD XHTML 1.0 Transitional//EN"
    "http://www.w3.org/TR/xhtml1/DTD/xhtml1-transitional.dtd">
<html xmlns="http://www.w3.org/1999/xhtml" xml:lang="en" lang="en">
 <head>
  <title>
</title>
<meta http-equiv="Content-Type" content="text/html;charset=utf-8" />
  <meta name='ocr-system' content='tesseract 3.04.00' />
  <meta name='ocr-capabilities' content='ocr_page ocr_carea ocr_par ocr_line ocrx_word'/>
</head>
<body>
  <div class='ocr_page' id='page_1' title='image "./qvaleriicatulli00rossgoog_0123.png"; bbox 0 0 2717 4325; ppageno 0'>
   <div class='ocr_carea' id='block_1_1' title="bbox 511 421 873 488">
    <p class='ocr_par' dir='ltr' id='par_1_1' title="bbox 511 421 873 488">
     <span class='ocr_line' id='line_1_1' title="bbox 511 421 873 488; baseline 0.006 -6"><span class='ocrx_word' id='word_1_1' title='bbox 511 421 657 484; x_wconf 83' lang='lat' dir='ltr'>TlBUlLl</span> <span class='ocrx_word' id='word_1_2' title='bbox 678 422 746 485; x_wconf 77' lang='lat' dir='ltr'>nin.</span> <span class='ocrx_word' id='word_1_3' title='bbox 765 427 786 486; x_wconf 92' lang='lat' dir='ltr'>l.</span> <span class='ocrx_word' id='word_1_4' title='bbox 806 435 833 488; x_wconf 87' lang='lat'>6.</span> <span class='ocrx_word' id='word_1_5' title='bbox 848 434 873 487; x_wconf 86' lang='grc'>7.</span> 
     </span>
    </p>
   </div>
   <div class='ocr_carea' id='block_1_2' title="bbox 148 591 1195 1848">
    <p class='ocr_par' dir='ltr' id='par_1_2' title="bbox 148 591 1195 1848">
     <span class='ocr_line' id='line_1_2' title="bbox 230 591 847 673; baseline -0.002 -17"><span class='ocrx_word' id='word_1_6' title='bbox 230 594 378 656; x_wconf 87' lang='lat' dir='ltr'>inmerito</span> <span class='ocrx_word' id='word_1_7' title='bbox 400 609 515 673; x_wconf 79' lang='lat' dir='ltr'>pronas</span> <span class='ocrx_word' id='word_1_8' title='bbox 535 591 754 672; x_wconf 79' lang='lat' dir='ltr'>proripiarque</span> <span class='ocrx_word' id='word_1_9' title='bbox 775 596 847 654; x_wconf 85' lang='lat' dir='ltr'>vias.</span> 
     </span>
     <span class='ocr_line' id='line_1_3' title="bbox 188 673 987 757; baseline -0.001 -17"><span class='ocrx_word' id='word_1_10' title='bbox 188 679 259 741; x_wconf 91' lang='lat' dir='ltr'>Non</span> <span class='ocrx_word' id='word_1_11' title='bbox 279 697 337 757; x_wconf 80' lang='lat' dir='ltr'>ego</span> <span class='ocrx_word' id='word_1_12' title='bbox 359 682 392 736; x_wconf 88' lang='lat' dir='ltr'>te</span> <span class='ocrx_word' id='word_1_13' title='bbox 411 674 537 757; x_wconf 84' lang='lat' dir='ltr'>pulsare</span> <span class='ocrx_word' id='word_1_14' title='bbox 559 673 670 754; x_wconf 84' lang='lat' dir='ltr'>selim,</span> <span class='ocrx_word' id='word_1_15' title='bbox 692 676 764 756; x_wconf 91' lang='lat' dir='ltr'>sed,</span> <span class='ocrx_word' id='word_1_16' title='bbox 784 679 907 738; x_wconf 81' lang='lat' dir='ltr'>venerit</span> <span class='ocrx_word' id='word_1_17' title='bbox 926 679 987 739; x_wconf 87' lang='lat' dir='ltr'>iste</span> 
     </span>
     <span class='ocr_line' id='line_1_4' title="bbox 233 760 936 839; baseline -0.003 -16"><span class='ocrx_word' id='word_1_18' title='bbox 233 763 266 823; x_wconf 93' lang='lat' dir='ltr'>Si</span> <span class='ocrx_word' id='word_1_19' title='bbox 285 763 390 838; x_wconf 83' lang='lat' dir='ltr'>furor,</span> <span class='ocrx_word' id='word_1_20' title='bbox 411 760 542 839; x_wconf 88' lang='lat' dir='ltr'>optarim</span> <span class='ocrx_word' id='word_1_21' title='bbox 564 779 627 819; x_wconf 92' lang='lat' dir='ltr'>non</span> <span class='ocrx_word' id='word_1_22' title='bbox 649 761 794 822; x_wconf 88' lang='lat' dir='ltr'>habuisse</span> <span class='ocrx_word' id='word_1_23' title='bbox 815 781 936 823; x_wconf 83' lang='lat' dir='ltr'>manus:</span> 
     </span>
     <span class='ocr_line' id='line_1_5' title="bbox 187 845 1193 922; baseline -0.004 -13"><span class='ocrx_word' id='word_1_24' title='bbox 187 847 253 908; x_wconf 89' lang='lat' dir='ltr'>Nec</span> <span class='ocrx_word' id='word_1_25' title='bbox 274 864 364 907; x_wconf 86' lang='lat' dir='ltr'>saevo</span> <span class='ocrx_word' id='word_1_26' title='bbox 388 845 431 904; x_wconf 90' lang='lat' dir='ltr'>sis</span> <span class='ocrx_word' id='word_1_27' title='bbox 452 850 537 904; x_wconf 83' lang='lat' dir='ltr'>casta</span> <span class='ocrx_word' id='word_1_28' title='bbox 557 850 658 922; x_wconf 86' lang='lat' dir='ltr'>metu,</span> <span class='ocrx_word' id='word_1_29' title='bbox 680 845 737 906; x_wconf 88' lang='lat' dir='ltr'>sed</span> <span class='ocrx_word' id='word_1_30' title='bbox 759 852 863 907; x_wconf 87' lang='lat' dir='ltr'>mente</span> <span class='ocrx_word' id='word_1_31' title='bbox 884 845 988 906; x_wconf 84' lang='lat' dir='ltr'>fideli:</span> <span class='ocrx_word' id='word_1_32' title='bbox 1158 855 1193 913; x_wconf 75' lang='lat'>75</span> 
     </span>
     <span class='ocr_line' id='line_1_6' title="bbox 148 928 1012 992; baseline -0.005 0"><span class='ocrx_word' id='word_1_33' title='bbox 148 934 161 951; x_wconf 58' lang='lat'>‘</span> <span class='ocrx_word' id='word_1_34' title='bbox 229 931 356 992; x_wconf 90' lang='lat' dir='ltr'>Mutuus</span> <span class='ocrx_word' id='word_1_35' title='bbox 378 928 499 988; x_wconf 86' lang='lat' dir='ltr'>absenti</span> <span class='ocrx_word' id='word_1_36' title='bbox 519 934 552 988; x_wconf 90' lang='lat' dir='ltr'>te</span> <span class='ocrx_word' id='word_1_37' title='bbox 573 928 648 987; x_wconf 90' lang='lat' dir='ltr'>mihi</span> <span class='ocrx_word' id='word_1_38' title='bbox 669 937 773 990; x_wconf 80' lang='lat' dir='ltr'>servet</span> <span class='ocrx_word' id='word_1_39' title='bbox 794 950 887 990; x_wconf 88' lang='lat' dir='ltr'>amor.</span> <span class='ocrx_word' id='word_1_40' title='bbox 1004 979 1012 988; x_wconf 90' lang='lat'><em>.</em></span> 
     </span>
     <span class='ocr_line' id='line_1_7' title="bbox 187 1009 966 1094; baseline -0.003 -18"><span class='ocrx_word' id='word_1_41' title='bbox 187 1018 247 1093; x_wconf 86' lang='lat' dir='ltr'>At,</span> <span class='ocrx_word' id='word_1_42' title='bbox 271 1031 350 1094; x_wconf 87' lang='lat' dir='ltr'>quae</span> <span class='ocrx_word' id='word_1_43' title='bbox 371 1009 434 1072; x_wconf 82' lang='lat' dir='ltr'>fida</span> <span class='ocrx_word' id='word_1_44' title='bbox 453 1010 515 1071; x_wconf 85' lang='lat' dir='ltr'>init</span> <span class='ocrx_word' id='word_1_45' title='bbox 533 1009 627 1091; x_wconf 91' lang='lat' dir='ltr'>nulli,</span> <span class='ocrx_word' id='word_1_46' title='bbox 648 1020 720 1092; x_wconf 85' lang='lat' dir='ltr'>port</span> <span class='ocrx_word' id='word_1_47' title='bbox 739 1016 819 1074; x_wconf 84' lang='lat' dir='ltr'>victa</span> <span class='ocrx_word' id='word_1_48' title='bbox 840 1021 966 1075; x_wconf 78' lang='lat' dir='ltr'>senecta</span> 
     </span>
     <span class='ocr_line' id='line_1_8' title="bbox 232 1093 944 1175; baseline -0.001 -16"><span class='ocrx_word' id='word_1_49' title='bbox 232 1101 325 1159; x_wconf 87' lang='lat' dir='ltr'><strong>Ducit</strong></span> <span class='ocrx_word' id='word_1_50' title='bbox 343 1099 433 1175; x_wconf 92' lang='lat' dir='ltr'>inops</span> <span class='ocrx_word' id='word_1_51' title='bbox 453 1093 586 1156; x_wconf 84' lang='lat' dir='ltr'>tremula</span> <span class='ocrx_word' id='word_1_52' title='bbox 604 1099 733 1157; x_wconf 83' lang='lat' dir='ltr'>stamina</span> <span class='ocrx_word' id='word_1_53' title='bbox 754 1104 836 1158; x_wconf 84' lang='lat' dir='ltr'>torta</span> <span class='ocrx_word' id='word_1_54' title='bbox 854 1117 944 1158; x_wconf 90' lang='lat' dir='ltr'>manu</span> 
     </span>
     <span class='ocr_line' id='line_1_9' title="bbox 186 1177 876 1261; baseline -0.003 -18"><span class='ocrx_word' id='word_1_55' title='bbox 186 1184 352 1261; x_wconf 73' lang='lat' dir='ltr'>Firmaque</span> <span class='ocrx_word' id='word_1_56' title='bbox 375 1179 537 1240; x_wconf 88' lang='lat' dir='ltr'>conductis</span> <span class='ocrx_word' id='word_1_57' title='bbox 558 1177 698 1241; x_wconf 68' lang='lat' dir='ltr'>adnectit</span> <span class='ocrx_word' id='word_1_58' title='bbox 714 1179 787 1242; x_wconf 89' lang='lat' dir='ltr'>licia</span> <span class='ocrx_word' id='word_1_59' title='bbox 803 1179 876 1241; x_wconf 90' lang='lat' dir='ltr'>telis</span> 
     </span>
     <span class='ocr_line' id='line_1_10' title="bbox 231 1263 1195 1345; baseline 0.004 -18"><span class='ocrx_word' id='word_1_60' title='bbox 231 1267 408 1343; x_wconf 79' lang='lat' dir='ltr'>Tractaque</span> <span class='ocrx_word' id='word_1_61' title='bbox 430 1263 470 1322; x_wconf 91' lang='lat' dir='ltr'>de</span> <span class='ocrx_word' id='word_1_62' title='bbox 491 1265 582 1323; x_wconf 79' lang='lat' dir='ltr'>niveo</span> <span class='ocrx_word' id='word_1_63' title='bbox 603 1263 721 1325; x_wconf 84' lang='lat' dir='ltr'>vellere</span> <span class='ocrx_word' id='word_1_64' title='bbox 742 1265 835 1328; x_wconf 88' lang='lat' dir='ltr'>deute</span> <span class='ocrx_word' id='word_1_65' title='bbox 855 1273 952 1345; x_wconf 89' lang='lat' dir='ltr'>putat.</span> <span class='ocrx_word' id='word_1_66' title='bbox 1159 1277 1195 1331; x_wconf 83' lang='grc'>80</span> 
     </span>
     <span class='ocr_line' id='line_1_11' title="bbox 190 1345 1095 1430; baseline 0 -20"><span class='ocrx_word' id='word_1_67' title='bbox 190 1351 278 1410; x_wconf 90' lang='lat' dir='ltr'>lianc</span> <span class='ocrx_word' id='word_1_68' title='bbox 300 1350 400 1408; x_wconf 87' lang='lat' dir='ltr'>animo</span> <span class='ocrx_word' id='word_1_69' title='bbox 423 1345 577 1424; x_wconf 75' lang='lat' dir='ltr'>gaudente</span> <span class='ocrx_word' id='word_1_70' title='bbox 600 1346 707 1409; x_wconf 83' lang='lat' dir='ltr'>vident</span> <span class='ocrx_word' id='word_1_71' title='bbox 727 1351 932 1430; x_wconf 79' lang='lat' dir='ltr'>iuvenumque</span> <span class='ocrx_word' id='word_1_72' title='bbox 955 1356 1095 1412; x_wconf 80' lang='lat' dir='ltr'>catervae</span> 
     </span>
     <span class='ocr_line' id='line_1_12' title="bbox 233 1432 1034 1511; baseline -0.001 -17"><span class='ocrx_word' id='word_1_73' title='bbox 233 1434 483 1494; x_wconf 81' lang='lat' dir='ltr'>Commemorunt</span> <span class='ocrx_word' id='word_1_74' title='bbox 503 1432 615 1491; x_wconf 87' lang='lat' dir='ltr'>merito</span> <span class='ocrx_word' id='word_1_75' title='bbox 637 1439 685 1494; x_wconf 89' lang='lat' dir='ltr'>tot</span> <span class='ocrx_word' id='word_1_76' title='bbox 705 1434 783 1495; x_wconf 87' lang='lat' dir='ltr'>mala</span> <span class='ocrx_word' id='word_1_77' title='bbox 805 1434 891 1493; x_wconf 80' lang='lat' dir='ltr'>ferre</span> <span class='ocrx_word' id='word_1_78' title='bbox 913 1452 1034 1511; x_wconf 88' lang='lat' dir='ltr'>senem,</span> 
     </span>
     <span class='ocr_line' id='line_1_13' title="bbox 190 1515 1013 1598; baseline 0 -20"><span class='ocrx_word' id='word_1_79' title='bbox 190 1519 278 1578; x_wconf 90' lang='lat' dir='ltr'>Hanc</span> <span class='ocrx_word' id='word_1_80' title='bbox 300 1517 408 1580; x_wconf 86' lang='lat' dir='ltr'>Venus</span> <span class='ocrx_word' id='word_1_81' title='bbox 429 1533 466 1575; x_wconf 86' lang='lat' dir='ltr'>ex</span> <span class='ocrx_word' id='word_1_82' title='bbox 488 1515 551 1576; x_wconf 90' lang='lat' dir='ltr'>alto</span> <span class='ocrx_word' id='word_1_83' title='bbox 572 1517 702 1577; x_wconf 87' lang='lat' dir='ltr'>flentem</span> <span class='ocrx_word' id='word_1_84' title='bbox 723 1517 860 1580; x_wconf 85' lang='lat' dir='ltr'>sublimis</span> <span class='ocrx_word' id='word_1_85' title='bbox 882 1517 1013 1598; x_wconf 85' lang='lat' dir='ltr'><strong>Olympo</strong></span> 
     </span>
     <span class='ocr_line' id='line_1_14' title="bbox 231 1599 980 1682; baseline 0 -20"><span class='ocrx_word' id='word_1_86' title='bbox 231 1602 359 1682; x_wconf 88' lang='lat' dir='ltr'>Spectat</span> <span class='ocrx_word' id='word_1_87' title='bbox 381 1608 414 1659; x_wconf 91' lang='lat' dir='ltr'>et</span> <span class='ocrx_word' id='word_1_88' title='bbox 435 1599 540 1660; x_wconf 88' lang='lat' dir='ltr'>infidis</span> <span class='ocrx_word' id='word_1_89' title='bbox 563 1619 652 1678; x_wconf 82' lang='lat' dir='ltr'>quam</span> <span class='ocrx_word' id='word_1_90' title='bbox 674 1604 716 1662; x_wconf 88' lang='lat' dir='ltr'>sit</span> <span class='ocrx_word' id='word_1_91' title='bbox 735 1602 845 1662; x_wconf 88' lang='lat' dir='ltr'>acerba</span> <span class='ocrx_word' id='word_1_92' title='bbox 866 1611 980 1662; x_wconf 88' lang='lat' dir='ltr'>monet.</span> 
     </span>
     <span class='ocr_line' id='line_1_15' title="bbox 188 1681 1192 1766; baseline 0.002 -20"><span class='ocrx_word' id='word_1_93' title='bbox 188 1687 273 1746; x_wconf 84' lang='lat' dir='ltr'>ilaec</span> <span class='ocrx_word' id='word_1_94' title='bbox 294 1683 362 1743; x_wconf 90' lang='lat' dir='ltr'>aliis</span> <span class='ocrx_word' id='word_1_95' title='bbox 384 1681 550 1743; x_wconf 85' lang='lat' dir='ltr'>maledicta</span> <span class='ocrx_word' id='word_1_96' title='bbox 572 1683 698 1747; x_wconf 85' lang='lat' dir='ltr'>cadant:</span> <span class='ocrx_word' id='word_1_97' title='bbox 719 1706 792 1763; x_wconf 88' lang='lat' dir='ltr'>nos,</span> <span class='ocrx_word' id='word_1_98' title='bbox 814 1684 920 1766; x_wconf 86' lang='lat' dir='ltr'>Delia,</span> <span class='ocrx_word' id='word_1_99' title='bbox 942 1688 1053 1746; x_wconf 88' lang='lat' dir='ltr'>umoris</span> <span class='ocrx_word' id='word_1_100' title='bbox 1158 1695 1192 1750; x_wconf 80' lang='lat'>85</span> 
     </span>
     <span class='ocr_line' id='line_1_16' title="bbox 229 1766 1101 1848; baseline 0 -19"><span class='ocrx_word' id='word_1_101' title='bbox 229 1766 413 1847; x_wconf 78' lang='lat' dir='ltr'><strong>Exemplum</strong></span> <span class='ocrx_word' id='word_1_102' title='bbox 435 1786 510 1826; x_wconf 82' lang='lat' dir='ltr'>cana</span> <span class='ocrx_word' id='word_1_103' title='bbox 533 1767 627 1830; x_wconf 90' lang='lat' dir='ltr'>simus</span> <span class='ocrx_word' id='word_1_104' title='bbox 649 1777 781 1848; x_wconf 84' lang='lat' dir='ltr'>uterque</span> <span class='ocrx_word' id='word_1_105' title='bbox 805 1788 897 1831; x_wconf 84' lang='lat' dir='ltr'>coma.</span> <span class='ocrx_word' id='word_1_106' title='bbox 1098 1771 1101 1776; x_wconf 83' lang='lat'>&#39;</span> 
     </span>
    </p>
   </div>
   <div class='ocr_carea' id='block_1_3' title="bbox 587 1893 799 1908">
    <p class='ocr_par' dir='ltr' id='par_1_3' title="bbox 587 1893 799 1908">
     <span class='ocr_line' id='line_1_17' title="bbox 587 1893 799 1908; baseline 0 0"><span class='ocrx_word' id='word_1_107' title='bbox 587 1893 799 1908; x_wconf 69' lang='lat'>—-——-</span> 
     </span>
    </p>
   </div>
   <div class='ocr_carea' id='block_1_4' title="bbox 657 1983 732 2048">
    <p class='ocr_par' dir='ltr' id='par_1_4' title="bbox 657 1983 732 2048">
     <span class='ocr_line' id='line_1_18' title="bbox 657 1983 732 2048; baseline 0 -1"><span class='ocrx_word' id='word_1_108' title='bbox 657 1983 732 2048; x_wconf 88' lang='lat' dir='ltr'><strong>VII.</strong></span> 
     </span>
    </p>
   </div>
   <div class='ocr_carea' id='block_1_5' title="bbox 190 2071 951 2169">
    <p class='ocr_par' dir='ltr' id='par_1_5' title="bbox 190 2071 951 2169">
     <span class='ocr_line' id='line_1_19' title="bbox 190 2071 951 2169; baseline 0.005 -4"><span class='ocrx_word' id='word_1_109' title='bbox 190 2071 284 2166; x_wconf 89' lang='lat' dir='ltr'>llunc</span> <span class='ocrx_word' id='word_1_110' title='bbox 307 2105 451 2166; x_wconf 81' lang='lat' dir='ltr'>cecinere</span> <span class='ocrx_word' id='word_1_111' title='bbox 473 2104 555 2167; x_wconf 92' lang='lat' dir='ltr'>diem</span> <span class='ocrx_word' id='word_1_112' title='bbox 577 2106 694 2166; x_wconf 86' lang='lat' dir='ltr'>Parcae</span> <span class='ocrx_word' id='word_1_113' title='bbox 713 2104 819 2167; x_wconf 83' lang='lat' dir='ltr'>fetalia</span> <span class='ocrx_word' id='word_1_114' title='bbox 840 2113 951 2169; x_wconf 86' lang='lat' dir='ltr'>nentes</span> 
     </span>
    </p>
   </div>
   <div class='ocr_carea' id='block_1_6' title="bbox 188 2188 1193 3782">
    <p class='ocr_par' dir='ltr' id='par_1_6' title="bbox 232 2188 847 2267">
     <span class='ocr_line' id='line_1_20' title="bbox 232 2188 847 2267; baseline 0.002 -17"><span class='ocrx_word' id='word_1_115' title='bbox 232 2190 369 2261; x_wconf 76' lang='lat' dir='ltr'>Stamina</span> <span class='ocrx_word' id='word_1_116' title='bbox 388 2209 448 2249; x_wconf 93' lang='lat' dir='ltr'>non</span> <span class='ocrx_word' id='word_1_117' title='bbox 468 2188 527 2250; x_wconf 90' lang='lat' dir='ltr'>ulli</span> <span class='ocrx_word' id='word_1_118' title='bbox 549 2189 748 2250; x_wconf 85' lang='lat' dir='ltr'>dissoluenda</span> <span class='ocrx_word' id='word_1_119' title='bbox 771 2190 847 2267; x_wconf 90' lang='lat' dir='ltr'>deo;</span> 
     </span>
    </p>

    <p class='ocr_par' dir='ltr' id='par_1_7' title="bbox 190 2273 1080 2434">
     <span class='ocr_line' id='line_1_21' title="bbox 190 2273 1080 2357; baseline 0.004 -25"><span class='ocrx_word' id='word_1_120' title='bbox 190 2275 279 2334; x_wconf 90' lang='lat' dir='ltr'>liuuc</span> <span class='ocrx_word' id='word_1_121' title='bbox 300 2274 387 2351; x_wconf 89' lang='lat' dir='ltr'>fore,</span> <span class='ocrx_word' id='word_1_122' title='bbox 409 2273 580 2350; x_wconf 88' lang='lat' dir='ltr'>Aquitanas</span> <span class='ocrx_word' id='word_1_123' title='bbox 600 2281 710 2357; x_wconf 88' lang='lat' dir='ltr'>posset</span> <span class='ocrx_word' id='word_1_124' title='bbox 733 2277 786 2354; x_wconf 89' lang='lat' dir='ltr'>qui</span> <span class='ocrx_word' id='word_1_125' title='bbox 808 2275 940 2336; x_wconf 83' lang='lat' dir='ltr'>fundere</span> <span class='ocrx_word' id='word_1_126' title='bbox 962 2283 1080 2355; x_wconf 84' lang='lat' dir='ltr'>gentes,</span> 
     </span>
     <span class='ocr_line' id='line_1_22' title="bbox 232 2357 948 2434; baseline 0.003 -17"><span class='ocrx_word' id='word_1_127' title='bbox 232 2358 329 2434; x_wconf 77' lang='lat' dir='ltr'>Quem</span> <span class='ocrx_word' id='word_1_128' title='bbox 352 2364 504 2419; x_wconf 86' lang='lat' dir='ltr'>tremeret</span> <span class='ocrx_word' id='word_1_129' title='bbox 524 2359 601 2420; x_wconf 82' lang='lat' dir='ltr'>forti</span> <span class='ocrx_word' id='word_1_130' title='bbox 620 2357 720 2419; x_wconf 88' lang='lat' dir='ltr'>milite</span> <span class='ocrx_word' id='word_1_131' title='bbox 743 2360 841 2420; x_wconf 86' lang='lat' dir='ltr'>victus</span> <span class='ocrx_word' id='word_1_132' title='bbox 861 2362 948 2420; x_wconf 81' lang='lat' dir='ltr'>Atax.</span> 
     </span>
    </p>

    <p class='ocr_par' dir='ltr' id='par_1_8' title="bbox 188 2443 1191 2607">
     <span class='ocr_line' id='line_1_23' title="bbox 188 2443 1191 2524; baseline 0.008 -24"><span class='ocrx_word' id='word_1_133' title='bbox 188 2443 347 2503; x_wconf 77' lang='lat' dir='ltr'>Euenore:</span> <span class='ocrx_word' id='word_1_134' title='bbox 369 2460 464 2503; x_wconf 81' lang='lat' dir='ltr'>novos</span> <span class='ocrx_word' id='word_1_135' title='bbox 485 2446 583 2524; x_wconf 88' lang='lat' dir='ltr'>pubes</span> <span class='ocrx_word' id='word_1_136' title='bbox 604 2443 740 2503; x_wconf 88' lang='lat' dir='ltr'>Romana</span> <span class='ocrx_word' id='word_1_137' title='bbox 762 2445 933 2524; x_wconf 89' lang='lat' dir='ltr'>triumphos</span> <span class='ocrx_word' id='word_1_138' title='bbox 1177 2459 1191 2508; x_wconf 81' lang='lat'>5</span> 
     </span>
     <span class='ocr_line' id='line_1_24' title="bbox 231 2525 924 2607; baseline -0.001 -20"><span class='ocrx_word' id='word_1_139' title='bbox 231 2525 320 2587; x_wconf 82' lang='lat' dir='ltr'>Vidit</span> <span class='ocrx_word' id='word_1_140' title='bbox 342 2533 375 2588; x_wconf 93' lang='lat' dir='ltr'>et</span> <span class='ocrx_word' id='word_1_141' title='bbox 395 2529 534 2587; x_wconf 88' lang='lat' dir='ltr'>evinctos</span> <span class='ocrx_word' id='word_1_142' title='bbox 555 2528 683 2588; x_wconf 84' lang='lat' dir='ltr'>brachia</span> <span class='ocrx_word' id='word_1_143' title='bbox 705 2535 794 2607; x_wconf 88' lang='lat' dir='ltr'>capta</span> <span class='ocrx_word' id='word_1_144' title='bbox 815 2526 924 2588; x_wconf 89' lang='lat' dir='ltr'>duces:</span> 
     </span>
    </p>

    <p class='ocr_par' dir='ltr' id='par_1_9' title="bbox 191 2608 949 2776">
     <span class='ocr_line' id='line_1_25' title="bbox 191 2608 949 2692; baseline -0.003 -19"><span class='ocrx_word' id='word_1_145' title='bbox 191 2611 231 2673; x_wconf 80' lang='lat' dir='ltr'>nt</span> <span class='ocrx_word' id='word_1_146' title='bbox 251 2616 284 2673; x_wconf 90' lang='lat' dir='ltr'>te</span> <span class='ocrx_word' id='word_1_147' title='bbox 305 2613 449 2672; x_wconf 87' lang='lat' dir='ltr'>victrices</span> <span class='ocrx_word' id='word_1_148' title='bbox 469 2608 590 2690; x_wconf 87' lang='lat' dir='ltr'>lauros,</span> <span class='ocrx_word' id='word_1_149' title='bbox 613 2608 768 2690; x_wconf 77' lang='lat' dir='ltr'>Messala,</span> <span class='ocrx_word' id='word_1_150' title='bbox 789 2617 949 2692; x_wconf 81' lang='lat' dir='ltr'>gerentem</span> 
     </span>
     <span class='ocr_line' id='line_1_26' title="bbox 231 2696 905 2776; baseline 0.006 -22"><span class='ocrx_word' id='word_1_151' title='bbox 231 2696 378 2757; x_wconf 82' lang='lat' dir='ltr'>Portabat</span> <span class='ocrx_word' id='word_1_152' title='bbox 400 2696 498 2757; x_wconf 86' lang='lat' dir='ltr'>niveis</span> <span class='ocrx_word' id='word_1_153' title='bbox 520 2714 628 2756; x_wconf 88' lang='lat' dir='ltr'>currus</span> <span class='ocrx_word' id='word_1_154' title='bbox 651 2697 786 2755; x_wconf 88' lang='lat' dir='ltr'>eburnus</span> <span class='ocrx_word' id='word_1_155' title='bbox 807 2698 905 2776; x_wconf 84' lang='lat' dir='ltr'>equis.</span> 
     </span>
    </p>

    <p class='ocr_par' dir='ltr' id='par_1_10' title="bbox 189 2777 1192 2943">
     <span class='ocr_line' id='line_1_27' title="bbox 189 2777 1145 2860; baseline 0.002 -20"><span class='ocrx_word' id='word_1_156' title='bbox 189 2780 258 2841; x_wconf 92' lang='lat' dir='ltr'>Non</span> <span class='ocrx_word' id='word_1_157' title='bbox 280 2781 347 2839; x_wconf 88' lang='lat' dir='ltr'>sine</span> <span class='ocrx_word' id='word_1_158' title='bbox 370 2796 419 2838; x_wconf 90' lang='lat' dir='ltr'>me</span> <span class='ocrx_word' id='word_1_159' title='bbox 441 2785 489 2837; x_wconf 89' lang='lat' dir='ltr'>est</span> <span class='ocrx_word' id='word_1_160' title='bbox 511 2780 569 2838; x_wconf 86' lang='lat' dir='ltr'>tibi</span> <span class='ocrx_word' id='word_1_161' title='bbox 589 2785 698 2859; x_wconf 84' lang='lat' dir='ltr'>partus</span> <span class='ocrx_word' id='word_1_162' title='bbox 717 2780 832 2841; x_wconf 89' lang='lat' dir='ltr'>honos:</span> <span class='ocrx_word' id='word_1_163' title='bbox 854 2777 1003 2841; x_wconf 80' lang='lat' dir='ltr'>Tarbella</span> <span class='ocrx_word' id='word_1_164' title='bbox 1023 2781 1145 2860; x_wconf 88' lang='lat' dir='ltr'>Pyrene</span> 
     </span>
     <span class='ocr_line' id='line_1_28' title="bbox 233 2861 1192 2943; baseline 0 -19"><span class='ocrx_word' id='word_1_165' title='bbox 233 2863 337 2924; x_wconf 88' lang='lat' dir='ltr'>Testis</span> <span class='ocrx_word' id='word_1_166' title='bbox 359 2868 392 2923; x_wconf 91' lang='lat' dir='ltr'>et</span> <span class='ocrx_word' id='word_1_167' title='bbox 413 2862 529 2922; x_wconf 84' lang='lat' dir='ltr'>Oceani</span> <span class='ocrx_word' id='word_1_168' title='bbox 548 2861 644 2929; x_wconf 67' lang='lat' dir='ltr'>‚litora</span> <span class='ocrx_word' id='word_1_169' title='bbox 666 2864 841 2943; x_wconf 86' lang='lat' dir='ltr'>Santonici,</span> <span class='ocrx_word' id='word_1_170' title='bbox 1163 2876 1192 2926; x_wconf 92' lang='lat'>10</span> 
     </span>
    </p>

    <p class='ocr_par' dir='ltr' id='par_1_11' title="bbox 191 2945 1153 3111">
     <span class='ocr_line' id='line_1_29' title="bbox 191 2945 1153 3027; baseline 0.001 -21"><span class='ocrx_word' id='word_1_171' title='bbox 191 2948 294 3008; x_wconf 77' lang='lat' dir='ltr'>&#39;lestis</span> <span class='ocrx_word' id='word_1_172' title='bbox 317 2948 396 3007; x_wconf 82' lang='lat' dir='ltr'>Arar</span> <span class='ocrx_word' id='word_1_173' title='bbox 417 2945 647 3025; x_wconf 75' lang='lat' dir='ltr'>Rhodanusque</span> <span class='ocrx_word' id='word_1_174' title='bbox 668 2946 756 3008; x_wconf 88' lang='lat' dir='ltr'>celer</span> <span class='ocrx_word' id='word_1_175' title='bbox 777 2966 964 3027; x_wconf 79' lang='lat' dir='ltr'>magnusque</span> <span class='ocrx_word' id='word_1_176' title='bbox 984 2948 1153 3025; x_wconf 84' lang='lat' dir='ltr'>Garumna,</span> 
     </span>
     <span class='ocr_line' id='line_1_30' title="bbox 233 3031 924 3111; baseline -0.003 -20"><span class='ocrx_word' id='word_1_177' title='bbox 233 3031 362 3091; x_wconf 80' lang='lat' dir='ltr'>carnoti</span> <span class='ocrx_word' id='word_1_178' title='bbox 385 3038 418 3092; x_wconf 93' lang='lat' dir='ltr'>et</span> <span class='ocrx_word' id='word_1_179' title='bbox 436 3032 507 3090; x_wconf 84' lang='lat' dir='ltr'>flavi</span> <span class='ocrx_word' id='word_1_180' title='bbox 530 3031 654 3091; x_wconf 88' lang='lat' dir='ltr'>caerula</span> <span class='ocrx_word' id='word_1_181' title='bbox 675 3031 801 3111; x_wconf 86' lang='lat' dir='ltr'>lympha</span> <span class='ocrx_word' id='word_1_182' title='bbox 822 3032 924 3110; x_wconf 79' lang='lat' dir='ltr'>Liger.</span> 
     </span>
    </p>

    <p class='ocr_par' dir='ltr' id='par_1_12' title="bbox 190 3113 1053 3280">
     <span class='ocr_line' id='line_1_31' title="bbox 190 3113 1053 3195; baseline -0.001 -19"><span class='ocrx_word' id='word_1_183' title='bbox 190 3119 238 3176; x_wconf 87' lang='lat' dir='ltr'>Au</span> <span class='ocrx_word' id='word_1_184' title='bbox 260 3122 307 3194; x_wconf 90' lang='lat' dir='ltr'>te,</span> <span class='ocrx_word' id='word_1_185' title='bbox 329 3114 455 3195; x_wconf 81' lang='lat' dir='ltr'>Cydne,</span> <span class='ocrx_word' id='word_1_186' title='bbox 478 3134 600 3193; x_wconf 88' lang='lat' dir='ltr'>canam,</span> <span class='ocrx_word' id='word_1_187' title='bbox 624 3116 727 3175; x_wconf 87' lang='lat' dir='ltr'>tacitis</span> <span class='ocrx_word' id='word_1_188' title='bbox 751 3117 804 3194; x_wconf 88' lang='lat' dir='ltr'>qni</span> <span class='ocrx_word' id='word_1_189' title='bbox 825 3113 942 3176; x_wconf 88' lang='lat' dir='ltr'>leniter</span> <span class='ocrx_word' id='word_1_190' title='bbox 964 3114 1053 3175; x_wconf 88' lang='lat' dir='ltr'>undis</span> 
     </span>
     <span class='ocr_line' id='line_1_32' title="bbox 232 3196 980 3280; baseline -0.005 -19"><span class='ocrx_word' id='word_1_191' title='bbox 232 3198 403 3261; x_wconf 82' lang='lat' dir='ltr'>Caeruleus</span> <span class='ocrx_word' id='word_1_192' title='bbox 424 3196 557 3280; x_wconf 87' lang='lat' dir='ltr'>placidis</span> <span class='ocrx_word' id='word_1_193' title='bbox 577 3218 636 3279; x_wconf 88' lang='lat' dir='ltr'>per</span> <span class='ocrx_word' id='word_1_194' title='bbox 656 3198 733 3259; x_wconf 84' lang='lat' dir='ltr'>vada</span> <span class='ocrx_word' id='word_1_195' title='bbox 754 3200 855 3279; x_wconf 87' lang='lat' dir='ltr'>serpis</span> <span class='ocrx_word' id='word_1_196' title='bbox 878 3200 980 3277; x_wconf 86' lang='lat' dir='ltr'>aquis,</span> 
     </span>
    </p>

    <p class='ocr_par' dir='ltr' id='par_1_13' title="bbox 190 3283 1191 3449">
     <span class='ocr_line' id='line_1_33' title="bbox 190 3283 1191 3362; baseline 0 -18"><span class='ocrx_word' id='word_1_197' title='bbox 190 3286 327 3362; x_wconf 75' lang='lat' dir='ltr'>Quantus</span> <span class='ocrx_word' id='word_1_198' title='bbox 347 3291 380 3345; x_wconf 91' lang='lat' dir='ltr'>et</span> <span class='ocrx_word' id='word_1_199' title='bbox 398 3283 539 3343; x_wconf 78' lang='lat' dir='ltr'>aetherio</span> <span class='ocrx_word' id='word_1_200' title='bbox 563 3284 745 3361; x_wconf 82' lang='lat' dir='ltr'>contingens</span> <span class='ocrx_word' id='word_1_201' title='bbox 766 3284 884 3343; x_wconf 84' lang='lat' dir='ltr'>vertice</span> <span class='ocrx_word' id='word_1_202' title='bbox 908 3283 1005 3342; x_wconf 90' lang='lat' dir='ltr'>nubes</span> <span class='ocrx_word' id='word_1_203' title='bbox 1160 3294 1191 3344; x_wconf 80' lang='lat'>15</span> 
     </span>
     <span class='ocr_line' id='line_1_34' title="bbox 230 3365 926 3449; baseline -0.007 -20"><span class='ocrx_word' id='word_1_204' title='bbox 230 3368 376 3449; x_wconf 77' lang='lat' dir='ltr'>Frigidus</span> <span class='ocrx_word' id='word_1_205' title='bbox 396 3369 537 3428; x_wconf 87' lang='lat' dir='ltr'>intonsos</span> <span class='ocrx_word' id='word_1_206' title='bbox 559 3367 683 3428; x_wconf 82' lang='lat' dir='ltr'>Taurus</span> <span class='ocrx_word' id='word_1_207' title='bbox 705 3365 767 3428; x_wconf 89' lang='lat' dir='ltr'>alat</span> <span class='ocrx_word' id='word_1_208' title='bbox 789 3366 926 3428; x_wconf 70' lang='lat' dir='ltr'>Cilicas?</span> 
     </span>
    </p>

    <p class='ocr_par' dir='ltr' id='par_1_14' title="bbox 189 3450 1108 3615">
     <span class='ocr_line' id='line_1_35' title="bbox 189 3450 1108 3531; baseline -0.002 -18"><span class='ocrx_word' id='word_1_209' title='bbox 189 3451 272 3530; x_wconf 79' lang='lat' dir='ltr'>Quid</span> <span class='ocrx_word' id='word_1_210' title='bbox 292 3454 444 3531; x_wconf 88' lang='lat' dir='ltr'>referam,</span> <span class='ocrx_word' id='word_1_211' title='bbox 465 3458 500 3512; x_wconf 91' lang='lat' dir='ltr'>ut</span> <span class='ocrx_word' id='word_1_212' title='bbox 521 3450 633 3513; x_wconf 83' lang='lat' dir='ltr'>volitet</span> <span class='ocrx_word' id='word_1_213' title='bbox 653 3453 780 3513; x_wconf 86' lang='lat' dir='ltr'>crebras</span> <span class='ocrx_word' id='word_1_214' title='bbox 802 3453 918 3512; x_wconf 87' lang='lat' dir='ltr'>intacta</span> <span class='ocrx_word' id='word_1_215' title='bbox 938 3468 996 3529; x_wconf 91' lang='lat' dir='ltr'>per</span> <span class='ocrx_word' id='word_1_216' title='bbox 1016 3452 1108 3511; x_wconf 88' lang='lat' dir='ltr'>urbes</span> 
     </span>
     <span class='ocr_line' id='line_1_36' title="bbox 229 3535 910 3615; baseline -0.004 -17"><span class='ocrx_word' id='word_1_217' title='bbox 229 3538 309 3599; x_wconf 80' lang='lat' dir='ltr'>Alba</span> <span class='ocrx_word' id='word_1_218' title='bbox 328 3536 503 3597; x_wconf 82' lang='lat' dir='ltr'>Palaestino</span> <span class='ocrx_word' id='word_1_219' title='bbox 526 3542 631 3597; x_wconf 87' lang='lat' dir='ltr'>sancta</span> <span class='ocrx_word' id='word_1_220' title='bbox 652 3535 794 3597; x_wconf 88' lang='lat' dir='ltr'>columba</span> <span class='ocrx_word' id='word_1_221' title='bbox 815 3536 910 3615; x_wconf 82' lang='lat' dir='ltr'>Syro,</span> 
     </span>
    </p>

    <p class='ocr_par' dir='ltr' id='par_1_15' title="bbox 189 3622 1193 3782">
     <span class='ocr_line' id='line_1_37' title="bbox 189 3622 1045 3702; baseline -0.006 -19"><span class='ocrx_word' id='word_1_222' title='bbox 189 3623 294 3702; x_wconf 89' lang='lat' dir='ltr'>thue</span> <span class='ocrx_word' id='word_1_223' title='bbox 315 3623 408 3681; x_wconf 87' lang='lat' dir='ltr'>maris</span> <span class='ocrx_word' id='word_1_224' title='bbox 428 3627 545 3681; x_wconf 83' lang='lat' dir='ltr'>vastum</span> <span class='ocrx_word' id='word_1_225' title='bbox 566 3627 748 3701; x_wconf 85' lang='lat' dir='ltr'>prospectet</span> <span class='ocrx_word' id='word_1_226' title='bbox 769 3622 907 3682; x_wconf 87' lang='lat' dir='ltr'>turribus</span> <span class='ocrx_word' id='word_1_227' title='bbox 930 3638 1045 3699; x_wconf 88' lang='lat' dir='ltr'>aequor</span> 
     </span>
     <span class='ocr_line' id='line_1_38' title="bbox 232 3703 1193 3782; baseline -0.004 -16"><span class='ocrx_word' id='word_1_228' title='bbox 232 3707 334 3766; x_wconf 87' lang='lat' dir='ltr'>Prima</span> <span class='ocrx_word' id='word_1_229' title='bbox 356 3712 454 3766; x_wconf 85' lang='lat' dir='ltr'>ratem</span> <span class='ocrx_word' id='word_1_230' title='bbox 476 3707 576 3765; x_wconf 80' lang='lat' dir='ltr'>nentis</span> <span class='ocrx_word' id='word_1_231' title='bbox 598 3703 731 3766; x_wconf 87' lang='lat' dir='ltr'>credere</span> <span class='ocrx_word' id='word_1_232' title='bbox 752 3704 842 3765; x_wconf 88' lang='lat' dir='ltr'>docta</span> <span class='ocrx_word' id='word_1_233' title='bbox 862 3703 981 3782; x_wconf 77' lang='lat' dir='ltr'>Tyros,</span> <span class='ocrx_word' id='word_1_234' title='bbox 1159 3710 1193 3762; x_wconf 78' lang='lat' dir='ltr'>io</span> 
     </span>
    </p>
   </div>
   <div class='ocr_carea' id='block_1_7' title="bbox 0 0 1364 4325">
    <p class='ocr_par' dir='ltr' id='par_1_16' title="bbox 0 0 1364 4325">
     <span class='ocr_line' id='line_1_39' title="bbox 0 0 1364 4325; baseline 0 0"><span class='ocrx_word' id='word_1_235' title='bbox 0 0 1364 4325; x_wconf 95' lang='lat' dir='ltr'> </span> 
     </span>
    </p>
   </div>
  </div>
 </body>
</html>
