2717 4325
180 358 223 419 24
521 357 666 417 'llBULLl
687 357 756 416 LlB.
775 355 810 416 ΙΙ.
828 370 852 420 l.

181 526 293 588 Omnia
314 527 377 588 sint
398 530 525 607 operata
547 523 622 585 deo:
644 544 707 586 non
728 523 839 592 audeat
860 522 925 584 ulla

224 611 390 672 Lanificam
411 611 517 690 pensis
534 610 718 689 imposuisse
737 629 868 670 manum.
1160 624 1196 677 10

182 696 247 760 Vos
270 715 393 775 quoqne
416 696 524 754 abesse
545 691 656 774 procul
677 694 787 771 iubeo,
806 692 946 753 discedat
968 696 1003 754 ab
1028 696 1105 775 aris,

226 780 284 840 coi
305 780 379 841 tulit
399 781 547 839 hesterna
569 777 678 856 gaudia
699 784 792 838 nocte
814 778 931 839 Venus.

183 865 276 926 Casta
297 861 424 944 placent
446 863 583 943 superis:
605 882 682 942 pura
705 879 771 922 eum
791 869 877 922 veste
899 863 1002 922 venite

225 950 267 1008 nt
287 948 425 1008 manibus
447 949 534 1027 puris
556 948 667 1006 sumite
689 946 784 1006 fontis
808 966 923 1025 aquam.

183 1033 329 1110 Gemite,
352 1031 508 1112 fulgentes
531 1038 566 1091 ut
587 1038 638 1090 eat
658 1048 747 1091 sacer
770 1049 864 1109 agnus
887 1030 926 1088 ad
949 1050 1016 1090 aras
1159 1042 1194 1094 15

226 1116 400 1194 Vinctaque
422 1122 493 1197 post
514 1114 583 1175 olea
604 1112 735 1175 eandida
755 1115 846 1174 turba
868 1135 977 1174 eomas.

182 1201 236 1260 lili
257 1201 365 1280 patrii,
386 1219 551 1281 purgamus
573 1219 679 1278 agros,
702 1217 867 1278 purgamus
891 1205 1044 1277 agrestes:

226 1285 291 1346 Vos
312 1284 391 1345 mala
410 1283 450 1345 de
469 1286 584 1345 nostris
606 1282 718 1364 pellite
737 1281 903 1361 limitibus,

183 1369 252 1429 Neu
273 1387 363 1447 seges
385 1367 491 1430 eludat
512 1386 644 1430 messem
665 1365 828 1431 fallacibus
850 1369 974 1444 herbis,

225 1453 293 1513 Neu
312 1455 419 1514 timeat
441 1451 702 1524 celerestardior
724 1471 800 1530 agna
818 1449 918 1533 lupos.
1027 1512 1031 1520 ,

184 1537 274 1597 Tunc
296 1537 413 1598 nitidus
435 1536 537 1618 plenis
560 1538 692 1599 conlisus
714 1537 848 1596 rusticus
869 1538 950 1616 agris

226 1621 352 1698 lugeret
374 1620 497 1681 ardenti
517 1620 645 1700 grandia
665 1620 750 1699 ligna
771 1621 859 1698 foco,·

184 1704 354 1785 Turbaque
375 1723 555 1783 vernarum,
576 1707 673 1765 saturi
693 1706 772 1764 bona
793 1706 880 1783 signa
902 1703 1022 1783 colonip

225 1788 328 1849 Ludet
350 1794 437 1850 etex
457 1790 553 1868 virgis
573 1796 696 1851 extruet
718 1797 788 1850 ante
812 1809 905 1850 casas.

182 1873 341 1935 Eventura
361 1893 492 1955 precor:
514 1873 607 1934 uiden
629 1881 663 1934 ut
683 1874 828 1935 felicibus
851 1876 930 1934 extis

227 1957 390 2036 Significat
411 1957 550 2038 placidos
571 1960 679 2019 nuntia
699 1960 778 2020 fibra
800 1958 898 2018 deos?

182 2041 272 2102 Nunc
293 2042 370 2102 mihi
390 2043 527 2104 fumosos
548 2045 665 2104 veteris
686 2043 828 2123 proferte
851 2041 1002 2103 Falernos

227 2126 370 2211 Consulis
390 2135 423 2187 et
445 2128 523 2189 chio
546 2128 656 2190 solvite
677 2125 779 2188 vincla
802 2126 887 2188 cado.

181 2211 265 2272 Vina
287 2208 369 2271 diem
390 2209 569 2272 eelebrenta
591 2232 654 2271 non
674 2212 756 2272 festa
776 2210 847 2271 luce
869 2210 995 2271 madere

224 2296 283 2354 Est
304 2297 417 2374 rubor,
439 2303 581 2356 errantes
603 2302 636 2356 et
656 2295 736 2356 male
757 2295 853 2355 ferre'
865 2295 971 2375 pedes.

182 2379 248 2439 Sed
269 2379 369 2439 ‘bene
388 2377 574 2441 Messalam’
598 2399 653 2440 sua
677 2381 807 2459 quisque
830 2377 869 2439 ud
887 2379 998 2460 poeula
1017 2379 1099 2441 dieat

224 2461 345 2524 Nomen
364 2470 397 2525 et
419 2466 556 2527 absentis
578 2463 699 2543 singula
720 2467 815 2525 verba
836 2470 958 2525 sonent.

183 2548 295 2609 Gentis
315 2548 489 2628 Aquitanae
513 2548 640 2610 celeber
659 2547 797 2609 Messala
820 2550 984 2629 triumphis

224 2632 268 2690 lit
288 2650 396 2711 magna
418 2634 550 2694 intonsis
571 2630 671 2711 gloria
692 2635 791 2693 victor
810 2634 889 2710 avis,

180 2714 251 2774 Huc
270 2712 344 2795 ades
366 2718 529 2796 aspiraque
550 2717 642 2793 mihi,
664 2716 736 2775 dum
759 2718 894 2776 carmine
915 2728 1022 2779 nostro

224 2795 380 2860 Redditur
404 2799 548 2878 agricolis
570 2802 669 2879 gratia
691 2798 863 2861 caelitibus.

179 2882 265 2943 Rura
286 2901 362 2944 oano
384 2885 528 2963 rurisque
552 2883 636 2945 deos.
660 2885 709 2943 his
729 2886 792 2943 vita
812 2885 967 2963 magistris

223 2966 372 3028 Desuevit
393 2987 510 3047 querna
529 2965 651 3048 pellere
673 2968 785 3047 glande
806 2968 933 3030 famem:

179 3048 231 3112 llli
254 3052 433 3131 compositis
454 3054 586 3131 primum
610 3052 745 3113 docuere
767 3051 877 3131 tigillis

222 3135 484 3213 Exiguam-viridi
504 3135 618 3196 fronde
638 3139 763 3217 operire
784 3136 922 3215 domum,

179 3217 232 3281 llli
254 3220 347 3279 etiam
370 3226 474 3281 tauros
496 3222 589 3301 primi
611 3220 753 3282 docuisse
774 3222 918 3285 feruntur

225 3302 391 3364 Servitium
410 3311 442 3365 et
460 3303 599 3385 plaustro
622 3307 820 3387 supposuisse
842 3314 951 3373 rotam,

181 3386 271 3448 'l'unc
293 3388 391 3450 vietus
414 3391 520 3451 abiere
538 3390 615 3464 feri,
639 3397 712 3451 tune
735 3391 853 3451 consita
869 3409 994 3471 pomus,

225 3472 315 3534 Tunc
336 3474 416 3535 bibit
437 3475 568 3554 irriguas
590 3473 707 3535 fertilis
730 3475 838 3535 hortus
862 3495 970 3554 aquas,

179 3556 285 3618 Aurea
301 3564 375 3619 tuno
395 3578 523 3641 pressos
544 3558 675 3640 pedibus
699 3558 786 3620 dedit
807 3579 863 3619 uva
884 3559 1022 3638 liquores

225 3644 386 3724 Mixtaque
408 3664 517 3708 securo
540 3651 589 3706 est
610 3644 714 3706 sobria
735 3642 862 3725 lympha
884 3662 980 3705 mero.
