2717 4325
481 442 962 527 u1saa1v,1a,1³,14.
1161 448 1201 514 75

256 658 309 751 lii
327 656 432 754 Malta
440 700 523 773 tuae,
535 694 656 775 Sparte,
668 696 816 755 miramur
825 696 893 755 iura
902 698 1086 778 palaestrae,
1144 666 1199 759 1⁴1

366 776 429 838 Sed
441 798 528 857 mage
539 780 671 858 virginei
683 786 730 839 tot
741 780 822 839 hona
832 784 993 860 gymnasii,

325 860 415 939 Quod
426 882 489 922 non
502 862 632 923 infames
644 870 772 923 exercet
782 883 915 944 corpore
926 863 1018 926 ludos

363 945 449 1006 Inter
458 944 615 1007 luctantes
627 945 710 1006 nuda
719 946 825 1027 puella
835 950 929 1027 viros,

285 1038 301 1090 5
323 1029 400 1089 eum
411 1019 475 1110 pila
485 1030 601 1091 velocis
615 1028 700 1089 fallit
709 1048 768 1109 per
777 1032 905 1091 brachia
914 1034 1023 1112 iactus,

362 1113 507 1193 Increpat
518 1119 551 1173 et
564 1114 648 1173 versi
659 1111 755 1173 clavis
766 1112 885 1174 adunca
894 1118 1008 1194 trochi,

319 1195 604 1275 Pulverulentaque
616 1195 654 1256 ad
667 1202 820 1256 extremas
833 1203 895 1257 stat
904 1198 1020 1259 femina
1031 1207 1139 1279 metas,

359 1280 401 1339 Et
411 1282 528 1359 patitur
540 1278 617 1340 duro
628 1280 757 1340 vulnera
766 1282 937 1361 pancratio,

319 1362 408 1421 Nune
418 1361 495 1443 ligat
506 1362 544 1422 ad
556 1371 692 1424 caestum
704 1362 869 1442 gaudentia
880 1367 1006 1426 brachia
1015 1365 1103 1447 loris,
1151 1422 1155 1431 .

266 1453 301 1505 10
362 1444 485 1506 Missile
503 1466 583 1507 nunc
595 1446 671 1508 disci
683 1446 804 1529 pondus
815 1449 849 1507 in
861 1451 938 1510 orbe
948 1454 1042 1527 rotat,

320 1528 550 1610 Gyrum'pulsat
556 1534 660 1611 equi,
675 1534 799 1592 niveum
807 1531 890 1593 latus
901 1550 976 1593 ense
988 1534 1131 1613 revincit,

354 1612 603 1695 'Virgineumque
620 1636 692 1676 cavo
703 1617 843 1696 protegit
854 1634 927 1676 aere
939 1624 1041 1697 caput,

317 1696 422 1773 Qualis
433 1697 655 1760 Amazonidum
665 1699 789 1760 nudatis
799 1697 915 1760 bellica
925 1702 1063 1760 mammis

358 1780 650 1866 Thermodontiacis
661 1786 753 1843 turba
761 1783 880 1844 lavatur
892 1786 989 1864 aquis,

264 1871 298 1923 15
318 1862 361 1923 Et
371 1862 462 1924 modo
475 1862 619 1943 Taygeti,
632 1868 734 1925 crines
747 1867 893 1945 adspersa
903 1870 1025 1948 pruina,

358 1945 501 2007 Sectatur
512 1949 630 2027 patrios
641 1968 700 2027 per
710 1951 781 2026 iuga
790 1949 885 2027 longa
895 1970 1005 2023 oanes3

317 2028 424 2107 Qualis
436 2037 469 2090 et
478 2030 614 2092 Eurotae
625 2030 738 2091 Pollux
750 2038 782 2091 et
793 2032 905 2091 Castor
916 2034 1052 2111 harenis,

356 2115 416 2176 Hie
426 2116 526 2175 victor
537 2116 658 2196 pugnis,
670 2114 727 2176 ille
738 2116 860 2175 futurus
873 2118 972 2195 equis,

315 2199 401 2259 Inter
414 2219 490 2279 quos
501 2198 624 2260 Helene
635 2198 727 2260 nudis
738 2217 851 2279 capere
863 2220 947 2259 arma
956 2196 1082 2281 papillis

261 2289 297 2342 20
357 2283 474 2344 Fertur
486 2303 544 2344 neo
556 2284 671 2343 iratres
684 2284 845 2344 erubuisse
857 2281 947 2345 deos.-

313 2366 380 2426 Lex
390 2369 485 2444 igitur
497 2367 648 2447 Spartana
657 2372 742 2427 vetat
753 2366 903 2428 secedere
919 2373 1067 2446 amantes,

355 2449 397 2510 Et
406 2448 484 2509 licet
494 2453 527 2510 in
538 2451 638 2509 triviis
650 2450 690 2510 ad
700 2449 783 2510 latus
795 2468 865 2511 erse
877 2471 960 2530 suae,

314 2533 342 2592 N
344 2551 379 2592 ec
391 2535 485 2593 timor
496 2537 548 2592 aut
558 2531 622 2592 ulla
634 2540 683 2594 est
694 2533 815 2594 clausae
826 2533 926 2594 tutela
935 2533 1060 2615 puellae

354 2617 420 2677 Nec
432 2619 530 2695 gravis
543 2620 659 2678 austeri
668 2637 770 2698 poena
781 2617 916 2678 cavenda
925 2620 994 2678 viri.

259 2706 293 2760 25
315 2698 409 2760 Nullo
421 2703 589 2782 praemisso
602 2701 641 2761 de
652 2704 747 2762 rebus
758 2708 825 2762 tute
836 2701 975 2782 loquaris

353 2783 512 2865 Ipsetuisz
533 2785 644 2865 longae
655 2785 743 2847 nulla
754 2784 881 2867 repulsa
890 2805 1004 2849 morae.

312 2868 381 2930 Non
393 2870 509 2951 Tyriae
520 2877 622 2932 vestes
635 2873 771 2932 errantia
780 2870 898 2932 lumina
907 2870 1033 2948 fallunt,

352 2953 410 3014 Est
420 2973 523 3034 neque
535 2953 682 3015 odoratae
693 2975 767 3015 cura
777 2955 910 3016 molesta
921 2973 1035 3017 comae,
1082 2973 1085 2978 ·

312 3037 355 3095 At
364 3044 471 3096 nostra
480 3039 602 3114 ingenti
611 3037 696 3096 vadit
707 3039 895 3098 circumdata
905 3042 1006 3114 turba,

257 3127 293 3181 30
353 3117 419 3178 Nec
431 3118 560 3195 digitum
572 3124 700 3196 angusta
711 3125 760 3177 ert
769 3121 939 3179 inseruisse
951 3122 1010 3196 via,

312 3202 377 3262 Neo
389 3203 541 3280 quaesint
551 3201 646 3260 facies
658 3219 717 3259 nec
730 3220 807 3278 quae
820 3203 883 3261 rint
892 3204 988 3262 verba
997 3201 1137 3280 rogandi,

354 3285 509 3344 Invenias:
531 3301 655 3343 caecum
667 3289 771 3343 versat
782 3290 898 3344 amator
909 3286 980 3346 iter.

313 3368 403 3446 Quod
414 3370 440 3430 sl
450 3370 518 3429 iura
528 3367 613 3428 iores
624 3385 804 3448 pugnasque
816 3370 935 3429 imitata
943 3368 1108 3447 Laeonum,

353 3454 463 3514 Carior
473 3453 532 3513 hoc
546 3471 631 3513 esses
642 3458 677 3513 tu
688 3453 773 3531 mihi,
783 3453 890 3531 Roma,
902 3454 993 3513 bono.

240 3583 294 3677 14
311 3581 369 3680 sic
380 3639 437 3700 ego
449 3583 604 3681 nonullos
615 3623 675 3681 iam
686 3623 786 3680 norim
797 3622 830 3680 ln
838 3616 1109 3697 amoretumultus,
1127 3581 1180 3675 15
1288 3692 1289 3695 ¹

350 3703 415 3765 Nec
426 3706 529 3792 veniat
540 3706 650 3765 sinete
663 3724 724 3764 nox
734 3701 887 3782 vigilanda
897 3703 988 3766 mihi:
