2717 4325
426 422 571 484 'llBULLl
592 421 659 482 llB.
676 422 725 486 lV.
743 431 769 486 7.
785 431 812 486 8.
829 432 854 487 9.
874 434 914 486 10.
1131 425 1171 486 55

437 578 441 589 Ι
466 665 469 673 ,
575 625 760 679 SULPIOIA.

634 785 711 849 VII.

167 874 312 967 Tandem
332 906 418 964 venlt
439 922 538 981 amor,
560 902 681 983 qualem
702 905 814 964 texisse
838 901 951 984 pudori

211 989 309 1064 Quam
328 985 459 1049 nudasse
479 986 572 1047 alicui
594 988 636 1046 sit
657 988 734 1048 mihi
754 986 834 1047 iama
855 989 959 1068 magis.

167 1075 302 1133 Exorata
321 1073 399 1133 meio
420 1070 508 1132 illum
531 1072 690 1150 cytherea
713 1072 855 1132 (lamento

208 1155 324 1217 Attullt
345 1158 379 1217 in
400 1163 539 1217 nostrum
561 1153 767 1235 deposuitque
789 1156 898 1215 sinum.

167 1239 291 1301 Exolvit
312 1241 462 1321 promissa
482 1239 606 1301 Venus:
625 1259 694 1300 meo
715 1237 824 1318 gaudia
845 1245 967 1316 narret,
1158 1250 1175 1301 5

211 1323 340 1383 Dicetur
363 1325 459 1403 siquis
480 1342 544 1383 non
562 1322 707 1384 haholsse
731 1342 793 1383 sua.

167 1405 238 1466 Non
260 1425 317 1485 eqo
339 1408 467 1486 olgnatis
489 1407 651 1486 quicquam
672 1405 819 1468 mandare
839 1404 981 1484 tabellis,

153 1544 160 1560 ‚
209 1491 256 1551 Ne
276 1489 362 1570 legat
382 1490 416 1551 id
436 1509 527 1551 nemo
552 1509 640 1570 quam
662 1510 748 1553 meus
772 1497 857 1569 ante,
880 1489 989 1568 velim,

167 1572 231 1634 Sed
249 1593 395 1654 peccasse
415 1576 514 1652 iuvat,
535 1572 638 1636 vultus
659 1593 845 1657 componere
866 1576 965 1635 famae

211 1657 348 1720 Taedet:
367 1679 436 1719 eum
456 1658 549 1737 digno
572 1658 664 1738 digna
685 1660 784 1720 fuisse
803 1659 897 1720 feror.
1146 1668 1178 1722 to

622 1873 720 1937 VIII.

169 1958 291 2050 Invisus
312 1988 423 2049 natalis
446 1987 551 2067 adest,
573 1989 627 2068 qui
644 2007 720 2050 rure
740 1988 872 2050 molesto

212 2073 254 2132 lot
276 2074 343 2133 sine
366 2073 517 2133 Cerintho
539 2071 639 2132 tristis
659 2069 797 2150 agendus
820 2075 890 2133 erlt.

168 2156 298 2219 Dulcius
319 2158 396 2218 urbe
419 2155 494 2237 quid
517 2156 589 2218 esti
610 2176 649 2215 an
666 2153 740 2217 villa
761 2158 803 2217 sit
823 2165 893 2238 apto
915 2155 1038 2238 puellae

211 2242 315 2319 Atque
336 2242 486 2301 Arretino
508 2239 640 2320 frigidus
654 2242 759 2313 *amnis
782 2242 879 2320 agro?

169 2327 246 2403 lam,
269 2326 394 2385 niodum
416 2322 553 2386 Messala
573 2325 635 2384 mei
654 2323 809 2403 studIoae,
833 2328 988 2406 quiescas,
1161 2336 1177 2391 t

212 2409 280 2468 Non
302 2409 504 2488 tempestivae
525 2426 619 2488 saepe
640 2409 815 2488 propInque
837 2411 913 2471 viae.

170 2494 229 2552 llic
253 2494 384 2552 animum
406 2509 576 2571 sensusque
597 2509 684 2551 meos
703 2490 834 2552 abducta
852 2494 1011 2575 relinquo,

212 2576 352 2637 Arbitrio
375 2577 516 2654 quoniam
538 2593 601 2634 non
623 2575 699 2634 sinis
720 2593 790 2635 esse
808 2596 885 2639 meo.

645 2823 707 2887 IX.

172 2906 246 3002 Set·
267 2939 331 2998 lter
353 2956 391 2997 ex
412 2938 511 2999 animo
533 2937 688 3000 sublatum
705 2942 798 3001 triste
819 2941 964 3023 puellae?

213 3019 315 3082 Natali
336 3021 451 3082 Romae
472 3022 532 3082 iam
555 3022 632 3083 licet
652 3042 722 3085 esse
740 3031 804 3086 tuo,

171 3107 322 3167 Omnibus
343 3101 402 3164 ille
423 3103 490 3163 dies
511 3106 601 3166 nobis
622 3107 735 3167 natalis
757 3114 879 3186 agatur,

213 3190 273 3265 Qut
294 3206 353 3248 neo
376 3188 513 3270 opinanti
533 3207 615 3250 nunc
637 3191 696 3251 tibi
717 3190 800 3251 forte
820 3194 913 3253 venit.

656 3404 700 3469 X.

172 3492 387 3598 (1001100001,
409 3539 536 3581 securus
556 3519 685 3582 multum
708 3522 870 3602 quodiam
892 3527 948 3586 tibi
971 3524 1010 3586 de
1030 3543 1080 3586 me

214 3604 392 3684 Permittit,
413 3606 515 3666 subito
537 3624 577 3666 ne
598 3605 679 3666 male
701 3608 807 3688 inepta
828 3607 941 3670 cadant.

171 3691 218 3752 Sit
240 3689 299 3748 tibi
321 3707 394 3749 cura
415 3696 505 3768 togae
524 3691 629 3770 potIor
649 3708 853 3772 pressumque
