<?xml version="1.0" encoding="UTF-8"?>
<!DOCTYPE html PUBLIC "-//W3C//DTD XHTML 1.0 Transitional//EN"
    "http://www.w3.org/TR/xhtml1/DTD/xhtml1-transitional.dtd">
<html xmlns="http://www.w3.org/1999/xhtml" xml:lang="en" lang="en">
 <head>
  <title>
</title>
<meta http-equiv="Content-Type" content="text/html;charset=utf-8" />
  <meta name='ocr-system' content='tesseract 3.04.00' />
  <meta name='ocr-capabilities' content='ocr_page ocr_carea ocr_par ocr_line ocrx_word'/>
</head>
<body>
  <div class='ocr_page' id='page_1' title='image "./qvaleriicatulli00rossgoog_0211.png"; bbox 0 0 2717 4325; ppageno 0'>
   <div class='ocr_carea' id='block_1_1' title="bbox 374 420 1128 509">
    <p class='ocr_par' dir='ltr' id='par_1_1' title="bbox 374 420 1128 509">
     <span class='ocr_line' id='line_1_1' title="bbox 374 420 1128 509; baseline 0.007 -19"><span class='ocrx_word' id='word_1_1' title='bbox 374 424 925 509; x_wconf 52' lang='lat' dir='ltr'><strong>iwuflmmomu</strong></span> <span class='ocrx_word' id='word_1_2' title='bbox 1003 420 1128 495; x_wconf 69' lang='lat' dir='ltr'><strong>&#39;ss</strong></span> 
     </span>
    </p>
   </div>
   <div class='ocr_carea' id='block_1_2' title="bbox 200 594 1048 1262">
    <p class='ocr_par' dir='ltr' id='par_1_2' title="bbox 200 594 1048 1262">
     <span class='ocr_line' id='line_1_2' title="bbox 257 594 986 677; baseline 0.003 -20"><span class='ocrx_word' id='word_1_3' title='bbox 257 596 338 657; x_wconf 84' lang='lat' dir='ltr'><strong>Tum</strong></span> <span class='ocrx_word' id='word_1_4' title='bbox 349 616 398 657; x_wconf 87' lang='lat' dir='ltr'><strong>me</strong></span> <span class='ocrx_word' id='word_1_5' title='bbox 408 594 460 657; x_wconf 87' lang='lat' dir='ltr'><strong>vel</strong></span> <span class='ocrx_word' id='word_1_6' title='bbox 470 596 608 677; x_wconf 78' lang='lat' dir='ltr'><strong>tragicae</strong></span> <span class='ocrx_word' id='word_1_7' title='bbox 614 594 737 657; x_wconf 69' lang='lat' dir='ltr'><strong>’vexetis</strong></span> <span class='ocrx_word' id='word_1_8' title='bbox 747 596 882 677; x_wconf 80' lang='lat' dir='ltr'><strong>Erinyes</strong></span> <span class='ocrx_word' id='word_1_9' title='bbox 894 604 928 659; x_wconf 89' lang='lat' dir='ltr'><strong>et</strong></span> <span class='ocrx_word' id='word_1_10' title='bbox 937 616 986 659; x_wconf 88' lang='lat' dir='ltr'><strong>me</strong></span> 
     </span>
     <span class='ocr_line' id='line_1_3' title="bbox 202 678 839 760; baseline -0.006 -16"><span class='ocrx_word' id='word_1_11' title='bbox 202 688 238 744; x_wconf 76' lang='lat'><strong>³0</strong></span> <span class='ocrx_word' id='word_1_12' title='bbox 299 680 426 742; x_wconf 82' lang='lat' dir='ltr'><strong>Inieruo</strong></span> <span class='ocrx_word' id='word_1_13' title='bbox 439 680 575 759; x_wconf 84' lang='lat' dir='ltr'><strong>damnes,</strong></span> <span class='ocrx_word' id='word_1_14' title='bbox 586 682 700 759; x_wconf 80' lang='lat' dir='ltr'>Aeaee,</span> <span class='ocrx_word' id='word_1_15' title='bbox 712 678 839 760; x_wconf 86' lang='lat' dir='ltr'><strong>iudicio,</strong></span> 
     </span>
     <span class='ocr_line' id='line_1_4' title="bbox 256 760 1048 845; baseline 0.003 -20"><span class='ocrx_word' id='word_1_16' title='bbox 256 765 361 843; x_wconf 81' lang='lat' dir='ltr'><strong>Atque</strong></span> <span class='ocrx_word' id='word_1_17' title='bbox 372 766 456 824; x_wconf 90' lang='lat' dir='ltr'><strong>inter</strong></span> <span class='ocrx_word' id='word_1_18' title='bbox 468 763 555 843; x_wconf 84' lang='lat' dir='ltr'><strong>Tityi</strong></span> <span class='ocrx_word' id='word_1_19' title='bbox 565 760 709 824; x_wconf 88' lang='lat' dir='ltr'><strong>volucres</strong></span> <span class='ocrx_word' id='word_1_20' title='bbox 718 782 789 824; x_wconf 82' lang='lat' dir='ltr'><strong>mea</strong></span> <span class='ocrx_word' id='word_1_21' title='bbox 797 783 899 845; x_wconf 86' lang='lat' dir='ltr'><strong>poena</strong></span> <span class='ocrx_word' id='word_1_22' title='bbox 909 772 1048 845; x_wconf 78' lang='lat' dir='ltr'><strong>vagetur,</strong></span> 
     </span>
     <span class='ocr_line' id='line_1_5' title="bbox 297 845 991 928; baseline 0.004 -20"><span class='ocrx_word' id='word_1_23' title='bbox 297 846 440 927; x_wconf 79' lang='lat' dir='ltr'><strong>Tumque</strong></span> <span class='ocrx_word' id='word_1_24' title='bbox 452 866 509 927; x_wconf 81' lang='lat' dir='ltr'><strong>ego</strong></span> <span class='ocrx_word' id='word_1_25' title='bbox 520 848 665 928; x_wconf 80' lang='lat' dir='ltr'><strong>Sisyphio</strong></span> <span class='ocrx_word' id='word_1_26' title='bbox 677 866 748 908; x_wconf 83' lang='lat' dir='ltr'><strong>saxa</strong></span> <span class='ocrx_word' id='word_1_27' title='bbox 757 845 867 909; x_wconf 83' lang='lat' dir='ltr'><strong>labore</strong></span> <span class='ocrx_word' id='word_1_28' title='bbox 878 868 991 927; x_wconf 81' lang='lat' dir='ltr'><strong>geram.</strong></span> 
     </span>
     <span class='ocr_line' id='line_1_6' title="bbox 254 929 992 1013; baseline 0.004 -22"><span class='ocrx_word' id='word_1_29' title='bbox 254 929 321 992; x_wconf 90' lang='lat' dir='ltr'><strong>Nec</strong></span> <span class='ocrx_word' id='word_1_30' title='bbox 332 938 367 992; x_wconf 87' lang='lat' dir='ltr'><strong>tu</strong></span> <span class='ocrx_word' id='word_1_31' title='bbox 378 930 569 1013; x_wconf 71' lang='lat' dir='ltr'><strong>supplicibus</strong></span> <span class='ocrx_word' id='word_1_32' title='bbox 581 950 630 991; x_wconf 89' lang='lat' dir='ltr'><strong>me</strong></span> <span class='ocrx_word' id='word_1_33' title='bbox 642 933 685 991; x_wconf 89' lang='lat' dir='ltr'><strong>sis</strong></span> <span class='ocrx_word' id='word_1_34' title='bbox 694 939 842 993; x_wconf 85' lang='lat' dir='ltr'><strong>venerata</strong></span> <span class='ocrx_word' id='word_1_35' title='bbox 850 930 992 994; x_wconf 82' lang='lat' dir='ltr'><strong>tabellis:</strong></span> 
     </span>
     <span class='ocr_line' id='line_1_7' title="bbox 295 1013 960 1095; baseline 0.002 -19"><span class='ocrx_word' id='word_1_36' title='bbox 295 1013 413 1076; x_wconf 86' lang='lat' dir='ltr'><strong>Ultima</strong></span> <span class='ocrx_word' id='word_1_37' title='bbox 423 1014 497 1076; x_wconf 90' lang='lat' dir='ltr'><strong>talis</strong></span> <span class='ocrx_word' id='word_1_38' title='bbox 508 1017 580 1092; x_wconf 82' lang='lat' dir='ltr'><strong>erit,</strong></span> <span class='ocrx_word' id='word_1_39' title='bbox 595 1033 674 1093; x_wconf 91' lang='lat' dir='ltr'><strong>quae</strong></span> <span class='ocrx_word' id='word_1_40' title='bbox 684 1032 753 1075; x_wconf 89' lang='lat' dir='ltr'><strong>mea</strong></span> <span class='ocrx_word' id='word_1_41' title='bbox 762 1017 960 1095; x_wconf 83' lang='lat' dir='ltr'><strong>primaiides.</strong></span> 
     </span>
     <span class='ocr_line' id='line_1_8' title="bbox 200 1097 1031 1180; baseline 0.004 -20"><span class='ocrx_word' id='word_1_42' title='bbox 200 1108 236 1161; x_wconf 76' lang='lat'><strong>³5</strong></span> <span class='ocrx_word' id='word_1_43' title='bbox 257 1098 327 1160; x_wconf 88' lang='lat' dir='ltr'><strong>Hoc</strong></span> <span class='ocrx_word' id='word_1_44' title='bbox 338 1101 414 1159; x_wconf 87' lang='lat' dir='ltr'><strong>mihi</strong></span> <span class='ocrx_word' id='word_1_45' title='bbox 423 1104 579 1180; x_wconf 90' lang='lat' dir='ltr'><strong>perpetuo</strong></span> <span class='ocrx_word' id='word_1_46' title='bbox 590 1100 638 1158; x_wconf 89' lang='lat' dir='ltr'><strong>ius</strong></span> <span class='ocrx_word' id='word_1_47' title='bbox 650 1103 710 1176; x_wconf 72' lang='lat' dir='ltr'><strong>ert,</strong></span> <span class='ocrx_word' id='word_1_48' title='bbox 722 1098 806 1175; x_wconf 86' lang='lat' dir='ltr'><strong>quod</strong></span> <span class='ocrx_word' id='word_1_49' title='bbox 816 1097 902 1160; x_wconf 83' lang='lat' dir='ltr'><strong>solus</strong></span> <span class='ocrx_word' id='word_1_50' title='bbox 914 1108 1031 1163; x_wconf 86' lang='lat' dir='ltr'><strong>amator</strong></span> 
     </span>
     <span class='ocr_line' id='line_1_9' title="bbox 296 1180 907 1262; baseline -0.002 -19"><span class='ocrx_word' id='word_1_51' title='bbox 296 1180 362 1243; x_wconf 89' lang='lat' dir='ltr'><strong>Nec</strong></span> <span class='ocrx_word' id='word_1_52' title='bbox 374 1185 436 1244; x_wconf 90' lang='lat' dir='ltr'><strong>cito</strong></span> <span class='ocrx_word' id='word_1_53' title='bbox 449 1183 566 1243; x_wconf 77' lang='lat' dir='ltr'>desisto</span> <span class='ocrx_word' id='word_1_54' title='bbox 578 1200 637 1242; x_wconf 89' lang='lat' dir='ltr'><strong>uec</strong></span> <span class='ocrx_word' id='word_1_55' title='bbox 648 1186 770 1241; x_wconf 90' lang='lat' dir='ltr'><strong>temere</strong></span> <span class='ocrx_word' id='word_1_56' title='bbox 781 1183 907 1262; x_wconf 80' lang='lat' dir='ltr'><strong>incipio.</strong></span> 
     </span>
    </p>
   </div>
   <div class='ocr_carea' id='block_1_3' title="bbox 181 1312 1126 3017">
    <p class='ocr_par' dir='ltr' id='par_1_3' title="bbox 181 1312 1126 3017">
     <span class='ocr_line' id='line_1_10' title="bbox 181 1312 1126 1430; baseline 0.002 -23"><span class='ocrx_word' id='word_1_57' title='bbox 181 1312 238 1407; x_wconf 76' lang='grc'><strong>14</strong></span> <span class='ocrx_word' id='word_1_58' title='bbox 253 1313 309 1408; x_wconf 76' lang='lat' dir='ltr'><strong>Aa</strong></span> <span class='ocrx_word' id='word_1_59' title='bbox 321 1355 468 1428; x_wconf 85' lang='lat' dir='ltr'><strong>quantum</strong></span> <span class='ocrx_word' id='word_1_60' title='bbox 480 1348 519 1408; x_wconf 90' lang='lat' dir='ltr'><strong>de</strong></span> <span class='ocrx_word' id='word_1_61' title='bbox 531 1367 580 1409; x_wconf 89' lang='lat' dir='ltr'><strong>me</strong></span> <span class='ocrx_word' id='word_1_62' title='bbox 591 1349 705 1408; x_wconf 78' lang='lat' dir='ltr'><strong>Panthi</strong></span> <span class='ocrx_word' id='word_1_63' title='bbox 718 1349 777 1409; x_wconf 89' lang='lat' dir='ltr'><strong>tibi</strong></span> <span class='ocrx_word' id='word_1_64' title='bbox 788 1350 1009 1430; x_wconf 80' lang='lat' dir='ltr'><strong>pagiuafiuxit,</strong></span> <span class='ocrx_word' id='word_1_65' title='bbox 1072 1317 1126 1413; x_wconf 76' lang='lat'><strong>21</strong></span> 
     </span>
     <span class='ocr_line' id='line_1_11' title="bbox 296 1430 969 1494; baseline 0.001 -2"><span class='ocrx_word' id='word_1_66' title='bbox 296 1431 431 1493; x_wconf 85' lang='lat' dir='ltr'><strong>Tantum</strong></span> <span class='ocrx_word' id='word_1_67' title='bbox 441 1430 492 1492; x_wconf 92' lang='lat' dir='ltr'><strong>illi</strong></span> <span class='ocrx_word' id='word_1_68' title='bbox 501 1433 622 1493; x_wconf 82' lang='lat' dir='ltr'><strong>Pantho</strong></span> <span class='ocrx_word' id='word_1_69' title='bbox 634 1451 674 1492; x_wconf 91' lang='lat' dir='ltr'><strong>ue</strong></span> <span class='ocrx_word' id='word_1_70' title='bbox 688 1434 729 1492; x_wconf 88' lang='lat' dir='ltr'><strong>sit</strong></span> <span class='ocrx_word' id='word_1_71' title='bbox 740 1434 836 1491; x_wconf 86' lang='lat' dir='ltr'><strong>amica</strong></span> <span class='ocrx_word' id='word_1_72' title='bbox 846 1433 969 1494; x_wconf 80' lang='lat' dir='ltr'><strong>Venus!</strong></span> 
     </span>
     <span class='ocr_line' id='line_1_12' title="bbox 256 1515 965 1594; baseline -0.001 -18"><span class='ocrx_word' id='word_1_73' title='bbox 256 1515 321 1576; x_wconf 90' lang='lat' dir='ltr'><strong>Sed</strong></span> <span class='ocrx_word' id='word_1_74' title='bbox 330 1518 389 1577; x_wconf 89' lang='lat' dir='ltr'><strong>tibi</strong></span> <span class='ocrx_word' id='word_1_75' title='bbox 399 1518 460 1577; x_wconf 88' lang='lat' dir='ltr'><strong>iam</strong></span> <span class='ocrx_word' id='word_1_76' title='bbox 470 1516 579 1576; x_wconf 82' lang='lat' dir='ltr'><strong>videor</strong></span> <span class='ocrx_word' id='word_1_77' title='bbox 589 1516 720 1577; x_wconf 89' lang='lat' dir='ltr'><strong>Dodona</strong></span> <span class='ocrx_word' id='word_1_78' title='bbox 729 1517 834 1576; x_wconf 88' lang='lat' dir='ltr'><strong>verior</strong></span> <span class='ocrx_word' id='word_1_79' title='bbox 845 1517 965 1594; x_wconf 68' lang='lat' dir='ltr'><strong>auguri</strong></span> 
     </span>
     <span class='ocr_line' id='line_1_13' title="bbox 295 1596 969 1681; baseline -0.004 -18"><span class='ocrx_word' id='word_1_80' title='bbox 295 1596 432 1663; x_wconf 78' lang='lat' dir='ltr'><strong>Uxorem</strong></span> <span class='ocrx_word' id='word_1_81' title='bbox 443 1599 500 1661; x_wconf 91' lang='lat' dir='ltr'><strong>ille</strong></span> <span class='ocrx_word' id='word_1_82' title='bbox 511 1607 582 1661; x_wconf 87' lang='lat' dir='ltr'><strong>tuus</strong></span> <span class='ocrx_word' id='word_1_83' title='bbox 592 1598 727 1681; x_wconf 91' lang='lat' dir='ltr'><strong>pulcher</strong></span> <span class='ocrx_word' id='word_1_84' title='bbox 738 1606 855 1660; x_wconf 86' lang='lat' dir='ltr'><strong>amator</strong></span> <span class='ocrx_word' id='word_1_85' title='bbox 865 1601 969 1660; x_wconf 89' lang='lat' dir='ltr'><strong>habet.</strong></span> 
     </span>
     <span class='ocr_line' id='line_1_14' title="bbox 215 1681 1082 1766; baseline 0.003 -23"><span class='ocrx_word' id='word_1_86' title='bbox 215 1689 233 1743; x_wconf 78' lang='lat' dir='ltr'><strong>t</strong></span> <span class='ocrx_word' id='word_1_87' title='bbox 255 1682 320 1744; x_wconf 84' lang='lat' dir='ltr'><strong>Tot</strong></span> <span class='ocrx_word' id='word_1_88' title='bbox 330 1690 441 1745; x_wconf 86' lang='lat' dir='ltr'><strong>noctes</strong></span> <span class='ocrx_word' id='word_1_89' title='bbox 451 1686 594 1766; x_wconf 85' lang='lat' dir='ltr'><strong>periere:</strong></span> <span class='ocrx_word' id='word_1_90' title='bbox 616 1682 698 1744; x_wconf 89' lang='lat' dir='ltr'><strong>nihil</strong></span> <span class='ocrx_word' id='word_1_91' title='bbox 707 1681 830 1763; x_wconf 67' lang='lat' dir='ltr'><strong>pudet?</strong></span> <span class='ocrx_word' id='word_1_92' title='bbox 851 1685 967 1764; x_wconf 84' lang='lat' dir='ltr'><strong>aspice,</strong></span> <span class='ocrx_word' id='word_1_93' title='bbox 978 1690 1082 1746; x_wconf 75' lang='lat' dir='ltr'><strong>cantat</strong></span> 
     </span>
     <span class='ocr_line' id='line_1_15' title="bbox 292 1765 919 1829; baseline 0.003 -2"><span class='ocrx_word' id='word_1_94' title='bbox 292 1766 403 1828; x_wconf 86' lang='lat' dir='ltr'><strong>Liber:</strong></span> <span class='ocrx_word' id='word_1_95' title='bbox 425 1774 461 1828; x_wconf 91' lang='lat' dir='ltr'><strong>tu</strong></span> <span class='ocrx_word' id='word_1_96' title='bbox 473 1770 601 1829; x_wconf 88' lang='lat' dir='ltr'><strong>nimium</strong></span> <span class='ocrx_word' id='word_1_97' title='bbox 613 1766 741 1828; x_wconf 89' lang='lat' dir='ltr'><strong>credula</strong></span> <span class='ocrx_word' id='word_1_98' title='bbox 752 1765 817 1827; x_wconf 87' lang='lat' dir='ltr'><strong>sola</strong></span> <span class='ocrx_word' id='word_1_99' title='bbox 826 1768 919 1829; x_wconf 83' lang='lat' dir='ltr'><strong>iaces.</strong></span> 
     </span>
     <span class='ocr_line' id='line_1_16' title="bbox 251 1848 1040 1932; baseline 0.001 -20"><span class='ocrx_word' id='word_1_100' title='bbox 251 1848 294 1912; x_wconf 83' lang='lat' dir='ltr'><strong>lllt</strong></span> <span class='ocrx_word' id='word_1_101' title='bbox 304 1868 386 1909; x_wconf 89' lang='lat' dir='ltr'><strong>nunc</strong></span> <span class='ocrx_word' id='word_1_102' title='bbox 396 1852 480 1911; x_wconf 88' lang='lat' dir='ltr'><strong>inter</strong></span> <span class='ocrx_word' id='word_1_103' title='bbox 491 1870 546 1912; x_wconf 85' lang='lat' dir='ltr'><strong>eos</strong></span> <span class='ocrx_word' id='word_1_104' title='bbox 556 1858 591 1911; x_wconf 86' lang='lat' dir='ltr'><strong>tu</strong></span> <span class='ocrx_word' id='word_1_105' title='bbox 602 1870 706 1912; x_wconf 83' lang='lat' dir='ltr'><strong>sermo</strong></span> <span class='ocrx_word' id='word_1_106' title='bbox 717 1849 876 1928; x_wconf 88' lang='lat' dir='ltr'><strong>es,teille</strong></span> <span class='ocrx_word' id='word_1_107' title='bbox 887 1854 1040 1932; x_wconf 83' lang='lat' dir='ltr'><strong>superbus</strong></span> 
     </span>
     <span class='ocr_line' id='line_1_17' title="bbox 296 1931 851 2014; baseline 0 -22"><span class='ocrx_word' id='word_1_108' title='bbox 296 1931 381 1992; x_wconf 86' lang='lat' dir='ltr'><strong>Dicit</strong></span> <span class='ocrx_word' id='word_1_109' title='bbox 392 1950 426 1991; x_wconf 89' lang='lat' dir='ltr'><strong>se</strong></span> <span class='ocrx_word' id='word_1_110' title='bbox 437 1935 533 1993; x_wconf 77' lang='lat' dir='ltr'><strong>invito</strong></span> <span class='ocrx_word' id='word_1_111' title='bbox 546 1952 639 2014; x_wconf 85' lang='lat' dir='ltr'><strong>saepe</strong></span> <span class='ocrx_word' id='word_1_112' title='bbox 649 1935 748 1994; x_wconf 82' lang='lat' dir='ltr'><strong>fuisse</strong></span> <span class='ocrx_word' id='word_1_113' title='bbox 760 1932 851 1993; x_wconf 89' lang='lat' dir='ltr'><strong>domi.</strong></span> 
     </span>
     <span class='ocr_line' id='line_1_18' title="bbox 252 2014 1107 2101; baseline 0.005 -26"><span class='ocrx_word' id='word_1_114' title='bbox 252 2014 445 2095; x_wconf 87' lang='lat' dir='ltr'><strong>Dispeream,</strong></span> <span class='ocrx_word' id='word_1_115' title='bbox 458 2018 484 2076; x_wconf 82' lang='lat' dir='ltr'><strong>si</strong></span> <span class='ocrx_word' id='word_1_116' title='bbox 496 2018 658 2095; x_wconf 86' lang='lat' dir='ltr'><strong>quicquam</strong></span> <span class='ocrx_word' id='word_1_117' title='bbox 670 2015 753 2075; x_wconf 91' lang='lat' dir='ltr'><strong>aliud</strong></span> <span class='ocrx_word' id='word_1_118' title='bbox 766 2035 856 2093; x_wconf 89' lang='lat' dir='ltr'><strong>quam</strong></span> <span class='ocrx_word' id='word_1_119' title='bbox 867 2016 966 2093; x_wconf 83' lang='lat' dir='ltr'><strong>gloria</strong></span> <span class='ocrx_word' id='word_1_120' title='bbox 977 2016 1016 2077; x_wconf 88' lang='lat' dir='ltr'><strong>de</strong></span> <span class='ocrx_word' id='word_1_121' title='bbox 1027 2024 1060 2079; x_wconf 86' lang='lat' dir='ltr'><strong>te</strong></span> <span class='ocrx_word' id='word_1_122' title='bbox 1099 2090 1107 2101; x_wconf 28' lang='grc' dir='ltr'><em>α</em></span> 
     </span>
     <span class='ocr_line' id='line_1_19' title="bbox 199 2098 994 2175; baseline 0.001 -16"><span class='ocrx_word' id='word_1_123' title='bbox 199 2106 234 2159; x_wconf 89' lang='grc'><strong>10</strong></span> <span class='ocrx_word' id='word_1_124' title='bbox 295 2098 478 2175; x_wconf 76' lang='lat' dir='ltr'><strong>Quaeritur:</strong></span> <span class='ocrx_word' id='word_1_125' title='bbox 497 2100 552 2159; x_wconf 91' lang='lat' dir='ltr'><strong>has</strong></span> <span class='ocrx_word' id='word_1_126' title='bbox 562 2099 670 2160; x_wconf 89' lang='lat' dir='ltr'><strong>laudes</strong></span> <span class='ocrx_word' id='word_1_127' title='bbox 681 2098 737 2159; x_wconf 94' lang='lat' dir='ltr'><strong>ille</strong></span> <span class='ocrx_word' id='word_1_128' title='bbox 751 2099 878 2158; x_wconf 89' lang='lat' dir='ltr'><strong>maritus</strong></span> <span class='ocrx_word' id='word_1_129' title='bbox 890 2100 994 2160; x_wconf 88' lang='lat' dir='ltr'><strong>habet.</strong></span> 
     </span>
     <span class='ocr_line' id='line_1_20' title="bbox 192 2180 1004 2264; baseline 0.006 -26"><span class='ocrx_word' id='word_1_130' title='bbox 192 2231 195 2238; x_wconf 90' lang='lat'><em>.</em></span> <span class='ocrx_word' id='word_1_131' title='bbox 252 2180 405 2244; x_wconf 75' lang='lat' dir='ltr'><strong>Colchida</strong></span> <span class='ocrx_word' id='word_1_132' title='bbox 415 2185 460 2244; x_wconf 88' lang='lat' dir='ltr'><strong>sic</strong></span> <span class='ocrx_word' id='word_1_133' title='bbox 471 2186 586 2264; x_wconf 88' lang='lat' dir='ltr'><strong>hospe</strong></span> <span class='ocrx_word' id='word_1_134' title='bbox 599 2183 753 2262; x_wconf 89' lang='lat' dir='ltr'><strong>quondam</strong></span> <span class='ocrx_word' id='word_1_135' title='bbox 764 2182 889 2262; x_wconf 89' lang='lat' dir='ltr'><strong>decepit</strong></span> <span class='ocrx_word' id='word_1_136' title='bbox 899 2182 1004 2243; x_wconf 81' lang='lat' dir='ltr'><strong>lason:</strong></span> 
     </span>
     <span class='ocr_line' id='line_1_21' title="bbox 291 2264 1016 2347; baseline 0 -19"><span class='ocrx_word' id='word_1_137' title='bbox 291 2267 402 2329; x_wconf 81' lang='lat' dir='ltr'><strong>Electa</strong></span> <span class='ocrx_word' id='word_1_138' title='bbox 414 2274 477 2341; x_wconf 78' lang='lat' dir='ltr'><strong>est3</strong></span> <span class='ocrx_word' id='word_1_139' title='bbox 498 2269 601 2326; x_wconf 88' lang='lat' dir='ltr'><strong>tenuit</strong></span> <span class='ocrx_word' id='word_1_140' title='bbox 611 2286 743 2347; x_wconf 88' lang='lat' dir='ltr'><strong>namque</strong></span> <span class='ocrx_word' id='word_1_141' title='bbox 754 2267 873 2331; x_wconf 77' lang='lat' dir='ltr'><strong>creusa</strong></span> <span class='ocrx_word' id='word_1_142' title='bbox 884 2264 1016 2328; x_wconf 87' lang='lat' dir='ltr'><strong>domum.</strong></span> 
     </span>
     <span class='ocr_line' id='line_1_22' title="bbox 252 2349 940 2432; baseline 0 -21"><span class='ocrx_word' id='word_1_143' title='bbox 252 2351 305 2411; x_wconf 90' lang='lat' dir='ltr'><strong>Sic</strong></span> <span class='ocrx_word' id='word_1_144' title='bbox 316 2372 334 2411; x_wconf 90' lang='lat' dir='ltr'><strong>a</strong></span> <span class='ocrx_word' id='word_1_145' title='bbox 345 2349 493 2412; x_wconf 90' lang='lat' dir='ltr'><strong>Dulichio</strong></span> <span class='ocrx_word' id='word_1_146' title='bbox 504 2352 617 2411; x_wconf 80' lang='lat' dir='ltr'><strong>iuvene</strong></span> <span class='ocrx_word' id='word_1_147' title='bbox 631 2357 681 2411; x_wconf 82' lang='lat' dir='ltr'><strong>est</strong></span> <span class='ocrx_word' id='word_1_148' title='bbox 692 2350 778 2412; x_wconf 88' lang='lat' dir='ltr'><strong>elusa</strong></span> <span class='ocrx_word' id='word_1_149' title='bbox 787 2350 940 2432; x_wconf 80' lang='lat' dir='ltr'><strong>Calypso:</strong></span> 
     </span>
     <span class='ocr_line' id='line_1_23' title="bbox 293 2433 902 2515; baseline -0.005 -17"><span class='ocrx_word' id='word_1_150' title='bbox 293 2433 384 2498; x_wconf 80' lang='lat' dir='ltr'><strong>Vidit</strong></span> <span class='ocrx_word' id='word_1_151' title='bbox 397 2440 565 2495; x_wconf 89' lang='lat' dir='ltr'><strong>amatorem</strong></span> <span class='ocrx_word' id='word_1_152' title='bbox 574 2433 715 2515; x_wconf 86' lang='lat' dir='ltr'><strong>pandere</strong></span> <span class='ocrx_word' id='word_1_153' title='bbox 726 2434 795 2495; x_wconf 82' lang='lat' dir='ltr'><strong>vela</strong></span> <span class='ocrx_word' id='word_1_154' title='bbox 806 2454 902 2495; x_wconf 74' lang='lat' dir='ltr'><strong>suum,</strong></span> 
     </span>
     <span class='ocr_line' id='line_1_24' title="bbox 197 2516 988 2598; baseline -0.003 -19"><span class='ocrx_word' id='word_1_155' title='bbox 197 2522 230 2579; x_wconf 79' lang='lat'><strong>1⁵</strong></span> <span class='ocrx_word' id='word_1_156' title='bbox 252 2519 303 2578; x_wconf 88' lang='lat' dir='ltr'><strong>Ah</strong></span> <span class='ocrx_word' id='word_1_157' title='bbox 313 2519 441 2578; x_wconf 89' lang='lat' dir='ltr'><strong>nimium</strong></span> <span class='ocrx_word' id='word_1_158' title='bbox 452 2517 561 2577; x_wconf 83' lang='lat' dir='ltr'><strong>faciles</strong></span> <span class='ocrx_word' id='word_1_159' title='bbox 574 2537 679 2578; x_wconf 86' lang='lat' dir='ltr'><strong>aurem</strong></span> <span class='ocrx_word' id='word_1_160' title='bbox 689 2519 843 2598; x_wconf 89' lang='lat' dir='ltr'><strong>praebere</strong></span> <span class='ocrx_word' id='word_1_161' title='bbox 853 2516 988 2598; x_wconf 79' lang='lat' dir='ltr'><strong>puellae,</strong></span> 
     </span>
     <span class='ocr_line' id='line_1_25' title="bbox 292 2600 975 2662; baseline 0 -1"><span class='ocrx_word' id='word_1_162' title='bbox 292 2600 410 2662; x_wconf 77' lang='lat' dir='ltr'><strong>Discite</strong></span> <span class='ocrx_word' id='word_1_163' title='bbox 423 2601 567 2661; x_wconf 77' lang='lat' dir='ltr'><strong>desertae</strong></span> <span class='ocrx_word' id='word_1_164' title='bbox 578 2621 642 2661; x_wconf 89' lang='lat' dir='ltr'><strong>uon</strong></span> <span class='ocrx_word' id='word_1_165' title='bbox 652 2609 774 2662; x_wconf 87' lang='lat' dir='ltr'><strong>temere</strong></span> <span class='ocrx_word' id='word_1_166' title='bbox 785 2621 855 2662; x_wconf 87' lang='lat' dir='ltr'><strong>esse</strong></span> <span class='ocrx_word' id='word_1_167' title='bbox 865 2603 975 2662; x_wconf 83' lang='lat' dir='ltr'><strong>bonae.</strong></span> 
     </span>
     <span class='ocr_line' id='line_1_26' title="bbox 250 2683 1126 2766; baseline 0.001 -22"><span class='ocrx_word' id='word_1_168' title='bbox 250 2683 332 2745; x_wconf 85' lang='lat' dir='ltr'><strong>Huic</strong></span> <span class='ocrx_word' id='word_1_169' title='bbox 345 2703 468 2764; x_wconf 86' lang='lat' dir='ltr'><strong>quoque</strong></span> <span class='ocrx_word' id='word_1_170' title='bbox 480 2687 533 2763; x_wconf 88' lang='lat' dir='ltr'><strong>qui</strong></span> <span class='ocrx_word' id='word_1_171' title='bbox 544 2691 645 2745; x_wconf 88' lang='lat' dir='ltr'><strong>restet</strong></span> <span class='ocrx_word' id='word_1_172' title='bbox 654 2687 716 2745; x_wconf 82' lang='lat' dir='ltr'><strong>iam</strong></span> <span class='ocrx_word' id='word_1_173' title='bbox 725 2685 848 2766; x_wconf 86' lang='lat' dir='ltr'><strong>pridem</strong></span> <span class='ocrx_word' id='word_1_174' title='bbox 857 2687 1017 2765; x_wconf 82' lang='lat' dir='ltr'><strong>quaeritur</strong></span> <span class='ocrx_word' id='word_1_175' title='bbox 1030 2683 1126 2747; x_wconf 80' lang='lat' dir='ltr'><strong>alter:</strong></span> 
     </span>
     <span class='ocr_line' id='line_1_27' title="bbox 289 2768 944 2849; baseline 0 -19"><span class='ocrx_word' id='word_1_176' title='bbox 289 2768 428 2848; x_wconf 80' lang='lat' dir='ltr'><strong>Experto</strong></span> <span class='ocrx_word' id='word_1_177' title='bbox 437 2771 471 2828; x_wconf 90' lang='lat' dir='ltr'><strong>iu</strong></span> <span class='ocrx_word' id='word_1_178' title='bbox 481 2770 592 2848; x_wconf 85' lang='lat' dir='ltr'><strong>primo,</strong></span> <span class='ocrx_word' id='word_1_179' title='bbox 606 2768 711 2848; x_wconf 82' lang='lat' dir='ltr'><strong>stulta,</strong></span> <span class='ocrx_word' id='word_1_180' title='bbox 723 2787 833 2829; x_wconf 86' lang='lat' dir='ltr'><strong>cavere</strong></span> <span class='ocrx_word' id='word_1_181' title='bbox 843 2775 944 2849; x_wconf 90' lang='lat' dir='ltr'><strong>potes.</strong></span> 
     </span>
     <span class='ocr_line' id='line_1_28' title="bbox 248 2851 1045 2933; baseline 0.003 -21"><span class='ocrx_word' id='word_1_182' title='bbox 248 2851 313 2924; x_wconf 86' lang='lat' dir='ltr'><strong>Nos</strong></span> <span class='ocrx_word' id='word_1_183' title='bbox 325 2871 516 2931; x_wconf 83' lang='lat' dir='ltr'><strong>quocumque</strong></span> <span class='ocrx_word' id='word_1_184' title='bbox 526 2851 610 2933; x_wconf 83' lang='lat' dir='ltr'><strong>loco,</strong></span> <span class='ocrx_word' id='word_1_185' title='bbox 625 2872 683 2913; x_wconf 79' lang='lat' dir='ltr'><strong>noa</strong></span> <span class='ocrx_word' id='word_1_186' title='bbox 695 2854 929 2932; x_wconf 89' lang='lat' dir='ltr'><strong>omnitempore</strong></span> <span class='ocrx_word' id='word_1_187' title='bbox 941 2858 1045 2914; x_wconf 85' lang='lat' dir='ltr'><strong>tecum</strong></span> 
     </span>
     <span class='ocr_line' id='line_1_29' title="bbox 194 2935 937 3017; baseline 0.001 -22"><span class='ocrx_word' id='word_1_188' title='bbox 194 2943 231 2996; x_wconf 76' lang='lat'><strong>20</strong></span> <span class='ocrx_word' id='word_1_189' title='bbox 293 2935 365 2996; x_wconf 82' lang='lat' dir='ltr'><strong>Sive</strong></span> <span class='ocrx_word' id='word_1_190' title='bbox 376 2953 468 3015; x_wconf 84' lang='lat' dir='ltr'><strong>aegro</strong></span> <span class='ocrx_word' id='word_1_191' title='bbox 478 2939 598 3017; x_wconf 89' lang='lat' dir='ltr'><strong>pariter</strong></span> <span class='ocrx_word' id='word_1_192' title='bbox 611 2939 675 2998; x_wconf 81' lang='lat' dir='ltr'><strong>sive</strong></span> <span class='ocrx_word' id='word_1_193' title='bbox 687 2935 811 2997; x_wconf 80' lang='lat' dir='ltr'><strong>¹valente</strong></span> <span class='ocrx_word' id='word_1_194' title='bbox 825 2956 937 2998; x_wconf 82' lang='lat' dir='ltr'><strong>sumus.</strong></span> 
     </span>
    </p>
   </div>
   <div class='ocr_carea' id='block_1_4' title="bbox 177 3062 1125 3765">
    <p class='ocr_par' dir='ltr' id='par_1_4' title="bbox 177 3062 1125 3181">
     <span class='ocr_line' id='line_1_30' title="bbox 177 3062 1125 3181; baseline 0.002 -22"><span class='ocrx_word' id='word_1_195' title='bbox 177 3063 230 3159; x_wconf 64' lang='grc'><strong>15</strong></span> <span class='ocrx_word' id='word_1_196' title='bbox 249 3062 322 3161; x_wconf 74' lang='lat' dir='ltr'><strong>Scis</strong></span> <span class='ocrx_word' id='word_1_197' title='bbox 335 3099 467 3161; x_wconf 87' lang='lat' dir='ltr'><strong>heremi</strong></span> <span class='ocrx_word' id='word_1_198' title='bbox 477 3103 587 3163; x_wconf 83' lang='lat' dir='ltr'><strong>multas</strong></span> <span class='ocrx_word' id='word_1_199' title='bbox 601 3104 722 3181; x_wconf 84' lang='lat' dir='ltr'><strong>pariter</strong></span> <span class='ocrx_word' id='word_1_200' title='bbox 732 3101 887 3180; x_wconf 79' lang='lat' dir='ltr'><strong>placuisse</strong></span> <span class='ocrx_word' id='word_1_201' title='bbox 897 3101 1028 3181; x_wconf 84' lang='lat' dir='ltr'><strong>puellas,</strong></span> <span class='ocrx_word' id='word_1_202' title='bbox 1067 3066 1125 3161; x_wconf 74' lang='lat'><strong>22</strong></span> 
     </span>
    </p>

    <p class='ocr_par' dir='ltr' id='par_1_5' title="bbox 289 3181 1006 3264">
     <span class='ocr_line' id='line_1_31' title="bbox 289 3181 1006 3264; baseline 0.001 -21"><span class='ocrx_word' id='word_1_203' title='bbox 289 3183 357 3244; x_wconf 85' lang='lat' dir='ltr'><strong>Scis</strong></span> <span class='ocrx_word' id='word_1_204' title='bbox 368 3185 455 3260; x_wconf 83' lang='lat' dir='ltr'><strong>milii,</strong></span> <span class='ocrx_word' id='word_1_205' title='bbox 466 3185 680 3264; x_wconf 85' lang='lat' dir='ltr'><strong>Demophoon,</strong></span> <span class='ocrx_word' id='word_1_206' title='bbox 692 3181 787 3243; x_wconf 86' lang='lat' dir='ltr'><strong>multa</strong></span> <span class='ocrx_word' id='word_1_207' title='bbox 797 3187 905 3244; x_wconf 86' lang='lat' dir='ltr'><strong>venire</strong></span> <span class='ocrx_word' id='word_1_208' title='bbox 918 3183 1006 3244; x_wconf 87' lang='lat' dir='ltr'><strong>mala.</strong></span> 
     </span>
    </p>

    <p class='ocr_par' dir='ltr' id='par_1_6' title="bbox 246 3263 1020 3426">
     <span class='ocr_line' id='line_1_32' title="bbox 246 3263 1020 3345; baseline -0.005 -15"><span class='ocrx_word' id='word_1_209' title='bbox 246 3263 339 3330; x_wconf 88' lang='lat' dir='ltr'><strong>Nulla</strong></span> <span class='ocrx_word' id='word_1_210' title='bbox 352 3269 429 3328; x_wconf 87' lang='lat' dir='ltr'><strong>meis</strong></span> <span class='ocrx_word' id='word_1_211' title='bbox 440 3268 557 3327; x_wconf 85' lang='lat' dir='ltr'><strong>frustra</strong></span> <span class='ocrx_word' id='word_1_212' title='bbox 567 3265 740 3326; x_wconf 87' lang='lat' dir='ltr'><strong>lustrantur</strong></span> <span class='ocrx_word' id='word_1_213' title='bbox 752 3267 885 3345; x_wconf 86' lang='lat' dir='ltr'><strong>compita</strong></span> <span class='ocrx_word' id='word_1_214' title='bbox 893 3264 1020 3345; x_wconf 82' lang='lat' dir='ltr'><strong>plantis,</strong></span> 
     </span>
     <span class='ocr_line' id='line_1_33' title="bbox 289 3350 834 3426; baseline -0.013 -13"><span class='ocrx_word' id='word_1_215' title='bbox 289 3351 315 3413; x_wconf 94' lang='lat'>0</span> <span class='ocrx_word' id='word_1_216' title='bbox 327 3353 417 3413; x_wconf 88' lang='lat' dir='ltr'><strong>nimis</strong></span> <span class='ocrx_word' id='word_1_217' title='bbox 430 3352 524 3412; x_wconf 80' lang='lat' dir='ltr'><strong>exitio</strong></span> <span class='ocrx_word' id='word_1_218' title='bbox 537 3355 609 3410; x_wconf 89' lang='lat' dir='ltr'><strong>nata</strong></span> <span class='ocrx_word' id='word_1_219' title='bbox 619 3350 743 3409; x_wconf 87' lang='lat' dir='ltr'><strong>theatra</strong></span> <span class='ocrx_word' id='word_1_220' title='bbox 754 3367 834 3426; x_wconf 81' lang='lat' dir='ltr'><strong>meo,</strong></span> 
     </span>
    </p>

    <p class='ocr_par' dir='ltr' id='par_1_7' title="bbox 208 3431 911 3514">
     <span class='ocr_line' id='line_1_34' title="bbox 208 3431 911 3514; baseline -0.009 -18"><span class='ocrx_word' id='word_1_221' title='bbox 208 3444 225 3496; x_wconf 84' lang='lat'>5</span> <span class='ocrx_word' id='word_1_222' title='bbox 247 3436 319 3496; x_wconf 87' lang='lat' dir='ltr'><strong>Sive</strong></span> <span class='ocrx_word' id='word_1_223' title='bbox 331 3435 440 3514; x_wconf 72' lang='lat' dir='ltr'><strong>aliquit</strong></span> <span class='ocrx_word' id='word_1_224' title='bbox 452 3433 538 3494; x_wconf 88' lang='lat' dir='ltr'><strong>molli</strong></span> <span class='ocrx_word' id='word_1_225' title='bbox 550 3431 669 3494; x_wconf 88' lang='lat' dir='ltr'><strong>diducit</strong></span> <span class='ocrx_word' id='word_1_226' title='bbox 681 3431 810 3492; x_wconf 86' lang='lat' dir='ltr'><strong>candida</strong></span> <span class='ocrx_word' id='word_1_227' title='bbox 821 3437 911 3510; x_wconf 81' lang='lat' dir='ltr'><strong>gestu</strong></span> 
     </span>
    </p>

    <p class='ocr_par' dir='ltr' id='par_1_8' title="bbox 285 3513 922 3578">
     <span class='ocr_line' id='line_1_35' title="bbox 285 3513 922 3578; baseline -0.006 -1"><span class='ocrx_word' id='word_1_228' title='bbox 285 3519 416 3578; x_wconf 90' lang='lat' dir='ltr'><strong>Brachia</strong></span> <span class='ocrx_word' id='word_1_229' title='bbox 427 3537 482 3577; x_wconf 86' lang='lat' dir='ltr'><strong>seu</strong></span> <span class='ocrx_word' id='word_1_230' title='bbox 492 3519 594 3578; x_wconf 83' lang='lat' dir='ltr'><strong>varios</strong></span> <span class='ocrx_word' id='word_1_231' title='bbox 608 3517 720 3577; x_wconf 89' lang='lat' dir='ltr'><strong>incinit</strong></span> <span class='ocrx_word' id='word_1_232' title='bbox 731 3535 786 3576; x_wconf 88' lang='lat' dir='ltr'><strong>ore</strong></span> <span class='ocrx_word' id='word_1_233' title='bbox 797 3513 922 3576; x_wconf 89' lang='lat' dir='ltr'><strong>modos!</strong></span> 
     </span>
    </p>

    <p class='ocr_par' dir='ltr' id='par_1_9' title="bbox 244 3594 959 3765">
     <span class='ocr_line' id='line_1_36' title="bbox 244 3594 955 3680; baseline -0.007 -19"><span class='ocrx_word' id='word_1_234' title='bbox 244 3601 368 3661; x_wconf 83' lang='lat' dir='ltr'><strong>Interea</strong></span> <span class='ocrx_word' id='word_1_235' title='bbox 378 3602 479 3661; x_wconf 83' lang='lat' dir='ltr'><strong>nostri</strong></span> <span class='ocrx_word' id='word_1_236' title='bbox 492 3606 644 3680; x_wconf 87' lang='lat' dir='ltr'><strong>quaerunt</strong></span> <span class='ocrx_word' id='word_1_237' title='bbox 654 3601 715 3660; x_wconf 88' lang='lat' dir='ltr'><strong>sibi</strong></span> <span class='ocrx_word' id='word_1_238' title='bbox 726 3600 834 3660; x_wconf 75' lang='lat' dir='ltr'><strong>vulnus</strong></span> <span class='ocrx_word' id='word_1_239' title='bbox 849 3594 955 3675; x_wconf 83' lang='lat' dir='ltr'><strong>ocelli,</strong></span> 
     </span>
     <span class='ocr_line' id='line_1_37' title="bbox 285 3681 959 3765; baseline -0.006 -20"><span class='ocrx_word' id='word_1_240' title='bbox 285 3683 423 3745; x_wconf 82' lang='lat' dir='ltr'><strong>Candida</strong></span> <span class='ocrx_word' id='word_1_241' title='bbox 433 3703 496 3745; x_wconf 89' lang='lat' dir='ltr'><strong>non</strong></span> <span class='ocrx_word' id='word_1_242' title='bbox 507 3691 593 3745; x_wconf 89' lang='lat' dir='ltr'><strong>tecto</strong></span> <span class='ocrx_word' id='word_1_243' title='bbox 603 3690 733 3765; x_wconf 89' lang='lat' dir='ltr'><strong>pectore</strong></span> <span class='ocrx_word' id='word_1_244' title='bbox 746 3687 773 3744; x_wconf 86' lang='lat' dir='ltr'><strong>si</strong></span> <span class='ocrx_word' id='word_1_245' title='bbox 787 3703 847 3762; x_wconf 85' lang='lat' dir='ltr'><strong>qua</strong></span> <span class='ocrx_word' id='word_1_246' title='bbox 857 3681 959 3760; x_wconf 82' lang='lat' dir='ltr'><strong>sedet,</strong></span> 
     </span>
    </p>
   </div>
   <div class='ocr_carea' id='block_1_5' title="bbox 0 0 1364 4325">
    <p class='ocr_par' dir='ltr' id='par_1_10' title="bbox 0 0 1364 4325">
     <span class='ocr_line' id='line_1_38' title="bbox 0 0 1364 4325; baseline 0 0"><span class='ocrx_word' id='word_1_247' title='bbox 0 0 1364 4325; x_wconf 95' lang='lat' dir='ltr'><strong> </strong></span> 
     </span>
    </p>
   </div>
  </div>
 </body>
</html>
