2717 4325
240 462 285 528 bs
539 456 904 523 PROPllll'lll

273 642 310 695 io
369 632 412 693 Iit
421 636 533 712 petere
545 630 684 708 Hyrcani
694 627 790 688 litore
799 633 875 688 notu
883 629 989 706 maris,

328 714 483 795 Spargere
496 721 529 774 et
541 711 662 773 alterna
673 730 850 773 communes
861 709 958 771 caede
967 711 1108 775 Penates

368 800 410 859 lot
419 799 507 859 ferre
519 797 558 858 ad
567 798 686 878 patrios
696 798 834 877 pracmia
844 793 913 855 dira
922 794 1043 856 Lares‘l

326 884 396 945 Una
406 887 586 943 contentum
596 879 714 961 pudeat
723 899 773 940 rne
782 881 888 940 rivere
900 879 1020 939 unica?

367 966 437 1026 Hoc
447 968 475 1026 sl
486 967 604 1025 crimen
616 965 689 1041 erit,
700 967 818 1024 crimen
827 964 951 1025 Amoris
962 964 1039 1023 erit:

274 1060 309 1115 25
331 1050 378 1112 Mt
389 1068 480 1111 nemo
492 1051 615 1111 obiciat.
636 1048 735 1109 libeat
743 1049 813 1126 tibi,
825 1048 969 1127 Cynthia,
981 1048 1100 1108 mecum

366 1134 501 1196 Roscida
511 1134 660 1195 muscosis
673 1139 762 1192 antra
771 1138 883 1191 tencre
892 1133 983 1210 iugis.

251 1292 256 1303 ἱ
326 1218 396 1281 lllic
410 1220 542 1299 aspicies
555 1216 691 1297 scopulis
702 1216 836 1276 haerere
849 1234 975 1276 sorores

366 1304 409 1363 nt
419 1320 532 1363 canere
544 1302 663 1380 antiqui
673 1298 777 1361 dulcia
786 1300 871 1359 inrtu
879 1299 970 1379 loris,

325 1389 370 1450 Ut
381 1385 504 1447 Semela
514 1392 564 1446 cst
575 1386 763 1463 combustus,
774 1390 809 1443 ut
819 1390 869 1443 est
879 1382 1061 1464 deperditus
1072 1384 1116 1463 lo,

272 1482 308 1536 30
370 1464 512 1550 lienique
524 1477 559 1530 ut
572 1468 611 1531 ud
622 1470 739 1529 Troiae
748 1473 834 1528 tecta
842 1465 954 1527 volarit
965 1470 1037 1531 svis.

325 1555 417 1633 Quod
427 1558 453 1616 si
463 1574 555 1615 nemo
568 1559 662 1631 extet,
673 1553 728 1632 qui
738 1553 850 1613 vicerit
859 1548 944 1611 alitis
953 1572 1048 1632 arma,

366 1639 544 1700 Communis
558 1636 667 1717 culpae
679 1654 818 1696 currens
827 1654 907 1696 unus
919 1636 1016 1715 agor‘i

323 1723 389 1784 Nec
402 1730 438 1782 tu
447 1722 617 1798 virginibus
628 1721 806 1780 reverentia
814 1721 949 1780 moreris
960 1740 1029 1781 ora:

366 1807 428 1865 llic
442 1822 565 1884 quoque
575 1822 639 1864 non
649 1805 751 1864 nescit
763 1802 839 1884 quid
848 1804 890 1864 sit
900 1823 1002 1865 amare
1014 1805 1147 1880 chorus;

271 1900 305 1954 35
327 1890 361 1952 Si
371 1896 476 1951 tamen
488 1888 602 1967 Oeagri
614 1888 764 1969 quaedam
776 1906 953 1968 compressa
962 1890 1061 1968 ligura

365 1974 515 2036 Bistoniis
526 1970 601 2033 olim
612 1975 741 2053 rupibus
752 1973 903 2032 accubuit.

323 2060 384 2122 fflc
396 2060 449 2120 ubi
459 2077 509 2118 mc
521 2058 621 2139 prima
632 2062 770 2117 statuent
779 2058 814 2116 in
823 2062 914 2137 purte
926 2058 1059 2117 choreae

363 2144 406 2207 lot
417 2142 537 2206 mellus
549 2141 640 2204 docta
652 2140 780 2223 cuspide
790 2140 930 2202 Bacchus
943 2142 1015 2221 crit,

326 2231 407 2292 Tum
418 2229 513 2309 cupiti
525 2247 628 2288 sacros
639 2227 740 2306 patiar
750 2223 891 2305 pendere
904 2226 1081 2305 corymbos:

270 2322 306 2376 lo
367 2314 445 2374 Nam
457 2314 526 2372 sine
536 2318 569 2371 te
580 2317 721 2371 nostrum
732 2328 796 2370 non
804 2307 887 2369 valet
896 2309 1062 2388 ingenium.

251 2445 308 2544 29
327 2445 473 2559 Quaeris,
483 2498 539 2540 cnr
549 2478 670 2538 reniam
679 2478 739 2537 tibi
749 2475 879 2539 tardior.
901 2496 995 2538 aurea
1003 2479 1124 2540 Phoebi
1142 2443 1197 2537 31

363 2566 508 2626 Porticus
520 2584 538 2623 a
549 2581 658 2641 magno
670 2561 806 2622 caesare
817 2567 926 2642 aperta
934 2562 1004 2624 fuit.

325 2651 407 2713 'Pota
418 2648 678 2729 eratinspeciern
687 2645 803 2705 Poenis
814 2645 936 2724 digesta
946 2644 1106 2724 columnis,

364 2735 451 2795 luter
463 2751 538 2811 quas
549 2731 646 2791 Danai
656 2731 774 2789 femina
782 2731 875 2790 turba
885 2731 978 2790 senis.

286 2828 302 2878 5
323 2819 383 2878 llic
395 2813 540 2897 equidem
549 2814 678 2873 Phoebo
690 2813 773 2872 visus
782 2815 860 2875 mihi
870 2813 1030 2894 pulchrior
1040 2814 1109 2893 ipso

363 2899 559 2960 Marmoreas
569 2897 663 2956 tacita
676 2915 801 2956 carmen
810 2898 898 2958 hiare
910 2897 995 2977 lyra:

322 2986 427 3064 Atque
439 3000 523 3041 aram
535 2982 651 3041 circum
662 2985 817 3041 steterant
831 2987 970 3043 armenta
980 2980 1134 3060 Myronis,

365 3068 518 3144 Quattuor
531 3065 677 3145 artifices,
688 3064 790 3125 vivida
800 3067 897 3145 signa,
907 3068 1012 3127 boves.

324 3153 404 3213 Tum
415 3149 551 3212 medium
562 3149 645 3210 claro
657 3151 804 3228 surgebat
813 3168 967 3210 marmore
977 3147 1128 3230 templum
1245 3141 1250 3150 ’

270 3246 305 3299 10
363 3237 406 3297 Et
415 3235 517 3317 patria
525 3235 653 3295 Phoebo
666 3235 767 3295 carius
779 3234 917 3314 Ortygia.

322 3320 357 3380 ln
369 3338 430 3398 quo
442 3319 524 3378 Solis
535 3328 603 3379 erat
613 3339 707 3399 supra
716 3318 841 3397 fastigia
851 3338 971 3395 currus,

363 3404 406 3464 Et
417 3399 532 3481 valvae,
543 3404 653 3481 Libyci
663 3400 771 3462 nobile
783 3401 887 3464 (lentis
898 3421 985 3482 opus,

322 3486 432 3549 Altera
444 3486 583 3547 deiectos
595 3486 724 3547 Parnasi
732 3488 852 3547 vertice
863 3485 985 3565 Gallos,

363 3571 473 3633 Altera
484 3572 643 3632 maerebat
653 3572 765 3631 iuneru
775 3569 968 3631 Tantalidos.

270 3663 304 3719 15
324 3656 445 3718 Deinde
456 3659 539 3717 inter
550 3661 679 3716 matrem
692 3655 768 3716 deus
778 3656 847 3736 ipsc
857 3656 1004 3734 interque
1014 3671 1154 3714 sororem

362 3741 494 3818 Pythius
505 3741 537 3801 in
547 3740 639 3818 longa
650 3742 785 3800 carmina
796 3745 884 3799 veste
895 3745 993 3800 sonat
