2717 4325
181 553 221 616 30
344 574 350 578 ·
491 552 635 612 'llssULLl
655 551 724 610 Liss.
743 553 778 610 ll.
795 562 819 614 4.
838 564 862 614 ὁ.

180 723 265 782 llaec
287 723 394 782 fecere
415 719 526 781 malas:
547 722 619 779 hinc
642 718 749 778 clavim
773 722 861 780 ianua
883 723 980 782 sensit

221 808 263 866 Et
285 808 388 887 coepit
409 811 513 866 custos
533 803 648 864 liminis
671 823 739 862 esse
763 807 854 864 cauis.

180 889 259 966 Sed,
281 888 417 971 pretium
435 891 462 949 si
484 888 633 973 grande
619 889 719 963 feros,
741 889 879 948 custodia
899 891 980 949 victa
999 897 1062 967 est,

222 975 286 1034 Nec
307 976 477 1074 prohibent
498 971 632 1048 claves,
637 976 677 1034 et
691 974 773 1031 conis
793 974 859 1052 ipse
882 978 973 1034 tacet.

179 1059 250 1119 Heu
272 1059 404 1137 quicunq
407 1077 445 1118 ue
467 1055 555 1116 dedit
573 1037 701 1115 formam
725 1055 868 1116 coelestis
892 1075 1017 1132 avarae,
1147 1068 1181 1123 35

222 1141 318 1219 Quale
340 1145 452 1202 bonum
475 1140 579 1200 multis
600 1140 705 1200 attulit
727 1138 782 1199 ille
802 1140 905 1200 malis!

179 1228 260 1288 llinc
281 1228 373 1287 fletus
394 1227 539 1303 rixaeque
561 1232 689 1302 sonant,
712 1225 788 1283 hacc
812 1223 945 1304 denique
965 1213 1055 1287 consa

220 1312 310 1371 Fecit
332 1316 366 1370 ut
386 1311 507 1369 infamis
526 1310 577 1368 hic
598 1309 675 1368 deus
697 1317 779 1368 essct
796 1309 900 1372 Amor.

178 1397 220 1456 At
240 1396 314 1472 tibi,
338 1413 415 1476 quue
436 1395 539 1474 pretio
563 1394 660 1452 victos
684 1392 821 1453 excludis
845 1399 997 1473 amantes,

219 1481 362 1560 Eripiunt
382 1486 486 1559 partas
505 1484 615 1537 ventus
638 1483 670 1536 ct
693 1479 771 1555 ignis
796 1497 889 1558 opes:
941 1503 950 1512 ·
1088 1485 1091 1492 ’
1146 1491 1181 1544 40

179 1565 259 1640 Quin
280 1571 332 1623 tua
352 1570 417 1623 tum
438 1563 564 1622 iuvenes
585 1567 730 1641 spectent
749 1562 893 1622 incendia
915 1562 1007 1640 laeti,

219 1647 284 1710 Nec
306 1648 465 1725 quisquam
486 1647 624 1706 flammae
646 1644 773 1705 sedulus
791 1645 884 1706 addat
905 1668 1021 1728 aquom.

177 1731 239 1792 Seu
258 1731 364 1791 veniet
381 1731 439 1790 tibi
461 1748 560 1807 mors,
580 1747 638 1788 nec
660 1731 722 1788 erit
745 1731 797 1808 qui
818 1728 924 1809 lugeat
945 1731 1044 1806 ullus,

218 1815 284 1875 Nec
306 1817 358 1894 qui
381 1813 435 1873 det
455 1819 586 1873 maestas
609 1833 717 1873 munus
737 1815 770 1873 iu
791 1817 945 1894 exequias.

178 1901 218 1961 At
237 1902 318 1959 bonu
340 1916 418 1978 quoe
440 1916 498 1957 uec
522 1918 610 1957 avara
631 1898 705 1976 fuit,
728 1905 851 1960 centum
867 1899 945 1960 licet
964 1920 1059 1962 annos
1144 1911 1178 1962 45
1286 1955 1287 1982 q

217 1985 357 2061 vixerit,
379 1981 541 2042 ardentem
563 1983 689 2042 flebitur
711 1989 782 2042 ante
804 2003 928 2062 rogum.

175 2071 278 2148 Atque
298 2067 408 2147 aliquis
427 2069 533 2127 senior
555 2073 678 2128 veteres
698 2073 864 2131 veneratus
887 2088 1006 2130 amores

216 2154 326 2213 Annua
348 2158 524 2213 constructo
545 2159 629 2212 serta
652 2151 738 2213 dabit
759 2151 877 2213 tumulo

175 2238 216 2299 m
236 2240 355 2298 ‘bene’
379 2234 542 2296 discedens
566 2235 651 2295 dicet
672 2234 878 2315 ‘placideque
901 2238 1057 2317 quiescas,

218 2322 381 2401 Terraque
403 2339 529 2381 securae
552 2321 594 2380 sit
613 2338 708 2399 super
732 2338 800 2379 ossa
820 2318 921 2381 levis!
1144 2332 1177 2384 50

175 2408 258 2469 Vero
280 2406 404 2485 quidem
424 2424 552 2483 moneo,
573 2402 631 2465 scd
651 2411 784 2485 prosunt
805 2405 879 2484 quid
900 2408 976 2468 mihi
998 2407 1092 2466 vcra?

215 2490 302 2552 Illius
324 2497 373 2551 est
391 2491 481 2549 uobis
502 2488 575 2568 lege
595 2486 744 2549 colendus
768 2490 872 2550 Amor.

174 2576 253 2652 Quin
275 2575 367 2635 etiam
389 2573 480 2634 sedes
499 2574 604 2634 iubeat
625 2574 651 2633 si
666 2572 803 2633 vendere
820 2575 929 2653 avitus,

215 2660 260 2719 lte
283 2661 338 2719 sub
360 2659 524 2738 imperium
545 2658 601 2718 sub
624 2655 825 2737 titulumque,
847 2660 952 2719 Lares.

173 2743 327 2822 Quicquid
347 2744 442 2803 habet
464 2742 572 2818 Circe,
596 2740 743 2820 quicquid
763 2741 877 2802 Medea
898 2745 1025 2822 veneni,
1122 2756 1174 2806 55

215 2826 369 2906 Quicquid
390 2832 423 2887 et
443 2826 608 2886 herbarum
631 2823 783 2884 Thessala
802 2832 887 2887 terra
906 2829 1010 2906 gerit,

171 2914 213 2972 Et
234 2911 332 2992 quod,
354 2911 406 2970 ubi
426 2907 585 2968 indomitis
607 2910 752 2987 gregibus
774 2911 880 2971 Venus
903 2911 989 2972 afflat
1009 2931 1144 2990 amores,

214 2996 423 3078 Hippomanes
445 2991 573 3073 cupidae
596 2990 693 3055 stillat
711 2994 779 3052 ab'
769 2996 895 3074 inguine
917 3014 1033 3075 equae,

173 3080 205 3141 Si
227 3080 317 3140 modo
341 3097 390 3139 me
410 3076 533 3158 placido
555 3075 659 3137 videat
675 3076 817 3138 Nemesis
838 3098 906 3141 meo
924 3079 1026 3160 vultu,

213 3147 305 3226 Mille
327 3162 402 3224 olias
424 3162 536 3222 herbas
557 3162 686 3221 misceat
703 3158 776 3241 illo,
797 3165 908 3225 bibam.
1112 3174 1116 3185 ’
1139 3174 1173 3229 60

646 3381 687 3446 V.

170 3468 317 3580 Phoebe,
340 3500 426 3562 love:
448 3521 544 3563 novus
564 3502 741 3581 ingreditor
763 3509 815 3564 tua
839 3502 952 3585 templu
973 3505 1134 3567 sacerdos:

211 3586 280 3647 Huc
301 3604 363 3666 age⁴
380 3605 448 3647 cum
470 3588 588 3647 cithara
607 3589 854 3667 carminibusque
873 3590 952 3651 veui.

168 3672 256 3732 Nunc
277 3677 309 3732 te
330 3668 452 3733 vocoles
473 3669 637 3751 impellere
659 3670 776 3753 pollice
801 3671 946 3749 chordas,

210 3755 298 3815 Nunc
317 3774 429 3836 precor
448 3754 486 3817 ud
508 3754 617 3825 londes
638 3758 767 3818 flectere
787 3756 881 3815 verba
902 3774 978 3816 mea.

259 3840 435 3920 triumphali
455 3841 615 3902 devinctus
634 3849 775 3924 tempora
794 3836 900 3919 lauro,
1152 3848 1171 3903 b
