2717 4325
164 433 184 495 6
490 431 635 491 TIBULLI
654 431 721 490 LiB.
738 433 760 491 Ι.
778 443 803 494 2.
819 444 845 497 3.

164 601 255 662 Hunc
277 621 372 682 puer,
394 602 477 662 hunc
499 601 618 661 iuvenis
640 602 731 661 turha
749 595 944 664 circumterit
965 611 1048 684 arta,
1139 613 1174 672 95

207 687 338 767 Despuit
360 688 392 746 in
414 683 527 747 molles
550 692 582 745 et
603 687 662 746 sibi
686 687 816 766 quisque
838 690 932 750 riuus.

165 772 207 832 At
228 773 303 831 mihi
321 779 432 852 parcc',
452 771 575 835 Venus:
599 789 724 852 semper
745 773 805 832 tibi
826 771 932 834 dedita
954 777 1052 835 servit

206 855 299 916 Mens
320 876 403 916 mea:
424 855 499 935 quid
521 875 638 917 messes
658 858 724 916 uris
743 859 963 919 acerbatussi

636 1065 700 1130 ιιι.
754 1025 758 1032 ’

163 1150 254 1241 ibitis
277 1181 416 1258 Aegaeas
435 1181 502 1241 sine
521 1200 587 1259 me,
609 1179 764 1259 Messala,
785 1199 844 1262 per
865 1181 980 1260 undas,

206 1265 232 1325 0
250 1266 367 1324 utinam
388 1282 541 1328 memores
559 1267 628 1347 ipse
648 1267 823 1345 cohorsque
844 1268 921 1327 mei:

163 1351 217 1410 Me
238 1355 325 1409 tenet
346 1351 461 1428 ignotis
480 1368 607 1428 regrum
627 1352 779 1412 Phaeacia
800 1353 911 1411 terris:

205 1435 371 1495 Abstineas
393 1433 513 1512 avidas,
535 1434 624 1494 Mors
643 1453 758 1516 precor
779 1441 861 1514 atra,
883 1455 998 1496 manus.
1226 1511 1235 1516 -

163 1520 344 1597 Abstineas,
367 1517 456 1578 Mers
478 1526 560 1596 atra,
582 1538 714 1599 precor:
741 1538 803 1580 non
824 1522 877 1581 hic
897 1522 972 1581 mihi
993 1527 1092 1582 mater
1155 1532 1170 1582 ὁ

205 1605 290 1680 Quae
312 1601 397 1682 legat
417 1604 451 1662 in
472 1609 606 1664 maestos
628 1623 697 1665 ossa
719 1611 846 1684 perusta
867 1607 967 1684 sinus,

163 1689 231 1747 Non
254 1706 360 1765 soror,
383 1688 529 1767 Assyrios
551 1689 650 1749 cineri
673 1710 752 1769 quae
771 1688 866 1750 dedat
888 1689 1001 1751 odores

204 1774 246 1833 Et
265 1772 339 1831 fleat
361 1772 469 1832 effusis
492 1780 563 1834 aute
586 1773 731 1855 sepulcra
752 1777 863 1854 comis,

162 1857 251 1917 Delia
274 1875 336 1916 non
358 1876 505 1935 usquam
527 1878 606 1939 quae
627 1878 677 1920 me
700 1880 767 1921 eum
789 1862 929 1921 mitteret
949 1862 1043 1939 urbe,

204 1943 326 2002 Dicitur
348 1949 420 2001 aute
443 1962 549 2003 omues
572 1944 764 2006 cousuluisse
787 1945 872 2005 deos.
1138 1957 1170 2007 10
1288 1905 1292 1964 ἵ

161 2027 216 2090 llla
239 2045 341 2086 sacras
361 2029 451 2107 pueri
472 2035 576 2088 sortes
596 2035 646 2090 ter
669 2028 809 2090 sustulit:
831 2028 880 2090 illi

203 2110 339 2174 Rettulit
360 2131 377 2172 e
399 2114 499 2173 triviis
521 2115 622 2174 omina
644 2123 731 2176 certa
753 2133 842 2196 puer.

162 2201 280 2260 Cuncta
304 2196 417 2258 dabant
439 2196 575 2258 reditus:
596 2206 701 2259 tamen
723 2207 772 2261 est
793 2199 946 2260 deterrita
967 2219 1137 2277 nunquam,¹

204 2283 286 2360 Quin
306 2283 399 2343 fleret
419 2289 541 2343 uestras
562 2284 821 2364 prospiceretque
842 2285 914 2344 vias.

160 2370 230 2448 ipse
252 2386 310 2445 ego
333 2366 466 2445 solator,
490 2387 558 2427 cum
575 2369 635 2427 iam
655 2367 798 2428 mandata
820 2367 991 2449 dedissem,
1137 2383 1169 2433 15

203 2454 394 2529 Quaerebam
417 2451 522 2512 tardas
540 2452 646 2513 auxius
668 2472 767 2533 usque
789 2473 900 2513 moras.

161 2540 223 2597 Aut
245 2555 302 2615 ego
325 2556 390 2596 sum
413 2544 553 2598 causatus
576 2555 646 2598 aves
669 2545 721 2599 aut
743 2539 843 2597 omina
864 2536 948 2618 dira,

203 2621 366 2682 Saturniae
386 2641 503 2683 sacram
525 2642 575 2682 me
597 2624 735 2683 tenuisse
758 2622 849 2683 diem.

161 2707 187 2765 0
212 2706 355 2783 quotiens
376 2708 533 2784 ingressus
555 2710 618 2767 iter
639 2709 715 2767 mihi
738 2709 841 2768 tristia
863 2706 925 2767 dixi

86 2834 89 2840 .
204 2790 364 2850 Offensum
384 2790 416 2848 iu
436 2798 526 2869 porta
549 2793 634 2868 signa
656 2790 781 2853 dedisse
803 2790 930 2872 pedem!
1134 2805 1168 2855 20

160 2874 282 2933 Audeat
306 2875 460 2933 invitone
483 2876 551 2953 quis
575 2874 740 2937 discedere
759 2877 889 2948 Amore,

202 2959 266 3018 Aut
288 2960 365 3018 sciat
386 2976 544 3036 egressum
565 2978 599 3019 se
620 2962 810 3042 prohibente
834 2960 903 3021 deo.

160 3043 242 3120 Quid
262 3050 313 3103 tua
335 3062 416 3102 nunc
437 3044 493 3103 lsis
514 3045 607 3123 mihi,
630 3045 738 3123 Delia,
762 3044 836 3125 quid
858 3047 932 3107 mihi
953 3056 1082 3128 prosunt

202 3126 257 3187 iila
279 3133 332 3187 tua
353 3129 469 3188 tuticus
492 3148 564 3189 aera
584 3129 710 3211 repulsa
732 3150 840 3209 mauu,

161 3210 295 3290 Quidve,
318 3214 370 3293 pie
392 3211 464 3272 dum
486 3234 572 3274 sacra
594 3214 689 3294 colis,
710 3234 852 3295 pureque
871 3216 966 3277 lavari
1134 3228 1166 3280 25

203 3297 252 3357 Te
275 3297 431 3375 (memini)
454 3304 487 3358 ct
507 3319 584 3379 puro
607 3301 787 3361 secubuisse
809 3302 902 3361 toro?

159 3381 264 3461 Nune,
289 3382 362 3461 dea,
384 3402 466 3443 nuuc
487 3402 633 3445 succurre
655 3385 732 3445 mihi
754 3384 840 3463 (nam
861 3404 954 3466 posse
976 3386 1093 3447 mederi

201 3468 289 3528 Picta
312 3466 404 3527 docet
424 3466 550 3548 templis
572 3469 667 3530 multa
689 3468 806 3530 tabella
827 3470 922 3550 tuis),

159 3552 203 3613 Ut
223 3571 292 3614 mea
312 3553 428 3613 votivas
448 3552 628 3636 persolvens
649 3550 740 3616 Delie
761 3573 852 3615 uoces

202 3638 285 3697 Ante
304 3658 405 3698 sacras
423 3638 488 3699 lino
509 3645 592 3699 tecta
614 3641 700 3701 feres
722 3639 831 3699 sedeat
1133 3654 1168 3703 30

163 3721 274 3801 Bisque
298 3720 349 3782 die
372 3722 510 3784 resoluta
531 3744 632 3785 comas
654 3726 714 3787 tibi
736 3723 843 3785 dicere
863 3726 973 3788 laudes
