<?xml version="1.0" encoding="UTF-8"?>
<!DOCTYPE html PUBLIC "-//W3C//DTD XHTML 1.0 Transitional//EN"
    "http://www.w3.org/TR/xhtml1/DTD/xhtml1-transitional.dtd">
<html xmlns="http://www.w3.org/1999/xhtml" xml:lang="en" lang="en">
 <head>
  <title>
</title>
<meta http-equiv="Content-Type" content="text/html;charset=utf-8" />
  <meta name='ocr-system' content='tesseract 3.04.00' />
  <meta name='ocr-capabilities' content='ocr_page ocr_carea ocr_par ocr_line ocrx_word'/>
</head>
<body>
  <div class='ocr_page' id='page_1' title='image "./qvaleriicatulli00rossgoog_0144.png"; bbox 0 0 2717 4325; ppageno 0'>
   <div class='ocr_carea' id='block_1_1' title="bbox 184 684 1161 830">
    <p class='ocr_par' dir='ltr' id='par_1_1' title="bbox 184 684 1161 830">
     <span class='ocr_line' id='line_1_1' title="bbox 184 684 1161 830; baseline -0.002 -42"><span class='ocrx_word' id='word_1_1' title='bbox 184 689 391 830; x_wconf 76' lang='lat' dir='ltr'>Aaou</span> <span class='ocrx_word' id='word_1_2' title='bbox 426 688 721 790; x_wconf 79' lang='lat' dir='ltr'>runcum</span> <span class='ocrx_word' id='word_1_3' title='bbox 760 684 1161 822; x_wconf 69' lang='lat' dir='ltr'>(Lucumo)</span> 
     </span>
    </p>
   </div>
   <div class='ocr_carea' id='block_1_2' title="bbox 491 846 859 950">
    <p class='ocr_par' dir='ltr' id='par_1_2' title="bbox 491 846 859 950">
     <span class='ocr_line' id='line_1_2' title="bbox 491 846 859 950; baseline -0.008 0"><span class='ocrx_word' id='word_1_4' title='bbox 491 886 630 950; x_wconf 79' lang='lat' dir='ltr'>amun</span> <span class='ocrx_word' id='word_1_5' title='bbox 653 846 859 949; x_wconf 78' lang='lat' dir='ltr'>ruamus.</span> 
     </span>
    </p>
   </div>
   <div class='ocr_carea' id='block_1_3' title="bbox 579 1053 786 1063">
    <p class='ocr_par' dir='ltr' id='par_1_3' title="bbox 579 1053 786 1063">
     <span class='ocr_line' id='line_1_3' title="bbox 579 1053 786 1063; baseline -0.014 0"><span class='ocrx_word' id='word_1_6' title='bbox 579 1053 786 1063; x_wconf 44' lang='grc' dir='ltr'>...ρ-...μᾷ</span> 
     </span>
    </p>
   </div>
   <div class='ocr_carea' id='block_1_4' title="bbox 663 1175 691 1238">
    <p class='ocr_par' dir='ltr' id='par_1_4' title="bbox 663 1175 691 1238">
     <span class='ocr_line' id='line_1_4' title="bbox 663 1175 691 1238; baseline 0.036 -1"><span class='ocrx_word' id='word_1_7' title='bbox 663 1175 691 1238; x_wconf 95' lang='grc' dir='ltr'>Ι.</span> 
     </span>
    </p>
   </div>
   <div class='ocr_carea' id='block_1_5' title="bbox 173 1257 1008 1623">
    <p class='ocr_par' dir='ltr' id='par_1_5' title="bbox 173 1257 908 1455">
     <span class='ocr_line' id='line_1_5' title="bbox 173 1257 868 1354; baseline -0.001 -2"><span class='ocrx_word' id='word_1_8' title='bbox 173 1257 288 1352; x_wconf 79' lang='lat' dir='ltr'>Martis</span> <span class='ocrx_word' id='word_1_9' title='bbox 310 1291 440 1351; x_wconf 88' lang='lat' dir='ltr'>Romani</span> <span class='ocrx_word' id='word_1_10' title='bbox 460 1291 560 1353; x_wconf 80' lang='lat' dir='ltr'>festae</span> <span class='ocrx_word' id='word_1_11' title='bbox 582 1311 697 1354; x_wconf 84' lang='lat' dir='ltr'>venere</span> <span class='ocrx_word' id='word_1_12' title='bbox 718 1289 868 1354; x_wconf 79' lang='lat' dir='ltr'><strong>kalendae</strong></span> 
     </span>
     <span class='ocr_line' id='line_1_6' title="bbox 216 1374 908 1455; baseline -0.003 -19"><span class='ocrx_word' id='word_1_13' title='bbox 216 1376 384 1455; x_wconf 77' lang='lat' dir='ltr'>(Exoriens</span> <span class='ocrx_word' id='word_1_14' title='bbox 406 1378 522 1437; x_wconf 88' lang='lat' dir='ltr'>nustria</span> <span class='ocrx_word' id='word_1_15' title='bbox 542 1378 594 1437; x_wconf 89' lang='lat' dir='ltr'>hic</span> <span class='ocrx_word' id='word_1_16' title='bbox 615 1377 676 1436; x_wconf 85' lang='lat' dir='ltr'>fuit</span> <span class='ocrx_word' id='word_1_17' title='bbox 696 1395 791 1436; x_wconf 87' lang='lat' dir='ltr'>annus</span> <span class='ocrx_word' id='word_1_18' title='bbox 814 1374 908 1453; x_wconf 82' lang='lat' dir='ltr'>avis),</span> 
     </span>
    </p>

    <p class='ocr_par' dir='ltr' id='par_1_6' title="bbox 173 1458 1008 1623">
     <span class='ocr_line' id='line_1_7' title="bbox 173 1458 1008 1538; baseline -0.008 -14"><span class='ocrx_word' id='word_1_19' title='bbox 173 1464 214 1524; x_wconf 82' lang='lat' dir='ltr'>Et</span> <span class='ocrx_word' id='word_1_20' title='bbox 236 1479 310 1538; x_wconf 82' lang='lat' dir='ltr'>vaga</span> <span class='ocrx_word' id='word_1_21' title='bbox 331 1479 413 1519; x_wconf 91' lang='lat' dir='ltr'>nunc</span> <span class='ocrx_word' id='word_1_22' title='bbox 434 1460 519 1520; x_wconf 85' lang='lat' dir='ltr'>cer&#39;ta</span> <span class='ocrx_word' id='word_1_23' title='bbox 540 1459 718 1521; x_wconf 88' lang='lat' dir='ltr'>discurrunt</span> <span class='ocrx_word' id='word_1_24' title='bbox 738 1458 875 1538; x_wconf 93' lang='lat' dir='ltr'>undique</span> <span class='ocrx_word' id='word_1_25' title='bbox 897 1477 1008 1538; x_wconf 86' lang='lat' dir='ltr'>pompa</span> 
     </span>
     <span class='ocr_line' id='line_1_8' title="bbox 214 1541 965 1623; baseline -0.005 -20"><span class='ocrx_word' id='word_1_26' title='bbox 214 1545 340 1622; x_wconf 83' lang='lat' dir='ltr'>Perque</span> <span class='ocrx_word' id='word_1_27' title='bbox 356 1545 421 1603; x_wconf 78' lang='lat' dir='ltr'>vias</span> <span class='ocrx_word' id='word_1_28' title='bbox 442 1544 529 1604; x_wconf 86' lang='lat' dir='ltr'>urbis</span> <span class='ocrx_word' id='word_1_29' title='bbox 550 1563 678 1604; x_wconf 88' lang='lat' dir='ltr'>munera</span> <span class='ocrx_word' id='word_1_30' title='bbox 699 1561 819 1623; x_wconf 84' lang='lat' dir='ltr'><strong>perque</strong></span> <span class='ocrx_word' id='word_1_31' title='bbox 841 1541 965 1602; x_wconf 87' lang='lat' dir='ltr'>domos:</span> 
     </span>
    </p>
   </div>
   <div class='ocr_carea' id='block_1_6' title="bbox 175 1624 1285 1706">
    <p class='ocr_par' dir='ltr' id='par_1_7' title="bbox 175 1624 1285 1706">
     <span class='ocr_line' id='line_1_9' title="bbox 175 1624 1285 1706; baseline -0.001 -18"><span class='ocrx_word' id='word_1_32' title='bbox 175 1628 295 1705; x_wconf 85' lang='lat' dir='ltr'>Dicite,</span> <span class='ocrx_word' id='word_1_33' title='bbox 317 1624 479 1704; x_wconf 80' lang='lat' dir='ltr'>Pierides,</span> <span class='ocrx_word' id='word_1_34' title='bbox 501 1646 633 1706; x_wconf 89' lang='lat' dir='ltr'>quonam</span> <span class='ocrx_word' id='word_1_35' title='bbox 654 1625 787 1686; x_wconf 92' lang='lat' dir='ltr'>donetur</span> <span class='ocrx_word' id='word_1_36' title='bbox 808 1626 927 1686; x_wconf 87' lang='lat' dir='ltr'>honore</span> <span class='ocrx_word' id='word_1_37' title='bbox 1162 1635 1178 1687; x_wconf 86' lang='lat'>5</span> <span class='ocrx_word' id='word_1_38' title='bbox 1284 1643 1285 1654; x_wconf 59' lang='lat'>¹</span> 
     </span>
    </p>
   </div>
   <div class='ocr_carea' id='block_1_7' title="bbox 173 1708 1179 2463">
    <p class='ocr_par' dir='ltr' id='par_1_8' title="bbox 173 1708 1179 2463">
     <span class='ocr_line' id='line_1_10' title="bbox 217 1708 958 1788; baseline 0 -17"><span class='ocrx_word' id='word_1_39' title='bbox 217 1711 280 1771; x_wconf 91' lang='lat' dir='ltr'>Seu</span> <span class='ocrx_word' id='word_1_40' title='bbox 301 1730 385 1787; x_wconf 90' lang='lat' dir='ltr'>mea,</span> <span class='ocrx_word' id='word_1_41' title='bbox 407 1729 464 1769; x_wconf 90' lang='lat' dir='ltr'>seu</span> <span class='ocrx_word' id='word_1_42' title='bbox 483 1708 594 1788; x_wconf 83' lang='lat' dir='ltr'>fallor,</span> <span class='ocrx_word' id='word_1_43' title='bbox 616 1729 686 1770; x_wconf 85' lang='lat' dir='ltr'>cara</span> <span class='ocrx_word' id='word_1_44' title='bbox 706 1709 826 1770; x_wconf 80' lang='lat' dir='ltr'>Neaera</span> <span class='ocrx_word' id='word_1_45' title='bbox 846 1715 958 1771; x_wconf 90' lang='lat' dir='ltr'>tamen.</span> 
     </span>
     <span class='ocr_line' id='line_1_11' title="bbox 176 1794 962 1873; baseline -0.004 -17"><span class='ocrx_word' id='word_1_46' title='bbox 176 1794 320 1857; x_wconf 79' lang='lat' dir='ltr'>Carmine</span> <span class='ocrx_word' id='word_1_47' title='bbox 338 1794 511 1872; x_wconf 79' lang='lat' dir='ltr'>formosae,</span> <span class='ocrx_word' id='word_1_48' title='bbox 533 1794 636 1873; x_wconf 88' lang='lat' dir='ltr'>pretio</span> <span class='ocrx_word' id='word_1_49' title='bbox 660 1794 821 1873; x_wconf 85' lang='lat' dir='ltr'>capiuntur</span> <span class='ocrx_word' id='word_1_50' title='bbox 839 1812 962 1853; x_wconf 86' lang='lat' dir='ltr'>avarae:</span> 
     </span>
     <span class='ocr_line' id='line_1_12' title="bbox 217 1874 971 1956; baseline -0.003 -17"><span class='ocrx_word' id='word_1_51' title='bbox 217 1877 377 1955; x_wconf 83' lang='lat' dir='ltr'>Gaudeat,</span> <span class='ocrx_word' id='word_1_52' title='bbox 396 1882 431 1937; x_wconf 89' lang='lat' dir='ltr'>ut</span> <span class='ocrx_word' id='word_1_53' title='bbox 450 1876 541 1956; x_wconf 80' lang='lat' dir='ltr'>digna</span> <span class='ocrx_word' id='word_1_54' title='bbox 563 1884 627 1956; x_wconf 88' lang='lat' dir='ltr'>est,</span> <span class='ocrx_word' id='word_1_55' title='bbox 649 1878 788 1938; x_wconf 86' lang='lat' dir='ltr'>versibus</span> <span class='ocrx_word' id='word_1_56' title='bbox 808 1874 865 1937; x_wconf 91' lang='lat' dir='ltr'>illa</span> <span class='ocrx_word' id='word_1_57' title='bbox 885 1878 971 1937; x_wconf 86' lang='lat' dir='ltr'>meis.</span> 
     </span>
     <span class='ocr_line' id='line_1_13' title="bbox 173 1959 1012 2040; baseline -0.005 -16"><span class='ocrx_word' id='word_1_58' title='bbox 173 1965 272 2024; x_wconf 86' lang='lat' dir='ltr'>Lutea</span> <span class='ocrx_word' id='word_1_59' title='bbox 290 1960 347 2021; x_wconf 83' lang='lat' dir='ltr'>sed</span> <span class='ocrx_word' id='word_1_60' title='bbox 366 1961 488 2021; x_wconf 87' lang='lat' dir='ltr'>niveum</span> <span class='ocrx_word' id='word_1_61' title='bbox 509 1960 644 2022; x_wconf 85' lang='lat' dir='ltr'>involvat</span> <span class='ocrx_word' id='word_1_62' title='bbox 662 1963 839 2022; x_wconf 89' lang='lat' dir='ltr'>membrana</span> <span class='ocrx_word' id='word_1_63' title='bbox 855 1959 1012 2040; x_wconf 87' lang='lat' dir='ltr'>libellum,</span> 
     </span>
     <span class='ocr_line' id='line_1_14' title="bbox 217 2043 1179 2108; baseline 0.001 -1"><span class='ocrx_word' id='word_1_64' title='bbox 217 2046 359 2107; x_wconf 89' lang='lat' dir='ltr'>Pumicet</span> <span class='ocrx_word' id='word_1_65' title='bbox 380 2051 413 2104; x_wconf 91' lang='lat' dir='ltr'>et</span> <span class='ocrx_word' id='word_1_66' title='bbox 434 2065 524 2106; x_wconf 89' lang='lat' dir='ltr'>canas</span> <span class='ocrx_word' id='word_1_67' title='bbox 546 2043 674 2106; x_wconf 85' lang='lat' dir='ltr'>tondeat</span> <span class='ocrx_word' id='word_1_68' title='bbox 696 2053 767 2107; x_wconf 89' lang='lat' dir='ltr'>ante</span> <span class='ocrx_word' id='word_1_69' title='bbox 789 2064 889 2106; x_wconf 88' lang='lat' dir='ltr'>comas</span> <span class='ocrx_word' id='word_1_70' title='bbox 1146 2057 1179 2108; x_wconf 87' lang='lat' dir='ltr'>lo</span> 
     </span>
     <span class='ocr_line' id='line_1_15' title="bbox 175 2129 968 2210; baseline -0.004 -17"><span class='ocrx_word' id='word_1_71' title='bbox 175 2131 359 2210; x_wconf 88' lang='lat' dir='ltr'>Summaque</span> <span class='ocrx_word' id='word_1_72' title='bbox 380 2135 542 2210; x_wconf 82' lang='lat' dir='ltr'>praetexat</span> <span class='ocrx_word' id='word_1_73' title='bbox 562 2131 664 2191; x_wconf 89' lang='lat' dir='ltr'>tenuis</span> <span class='ocrx_word' id='word_1_74' title='bbox 686 2129 808 2209; x_wconf 81' lang='lat' dir='ltr'>fastigia</span> <span class='ocrx_word' id='word_1_75' title='bbox 830 2130 968 2207; x_wconf 89' lang='lat' dir='ltr'>chartae,</span> 
     </span>
     <span class='ocr_line' id='line_1_16' title="bbox 217 2213 896 2293; baseline -0.004 -17"><span class='ocrx_word' id='word_1_76' title='bbox 217 2213 338 2277; x_wconf 88' lang='lat' dir='ltr'>lndicet</span> <span class='ocrx_word' id='word_1_77' title='bbox 358 2220 393 2275; x_wconf 91' lang='lat' dir='ltr'>ut</span> <span class='ocrx_word' id='word_1_78' title='bbox 413 2233 524 2275; x_wconf 87' lang='lat' dir='ltr'>nomen</span> <span class='ocrx_word' id='word_1_79' title='bbox 545 2214 653 2276; x_wconf 90' lang='lat' dir='ltr'>littera</span> <span class='ocrx_word' id='word_1_80' title='bbox 673 2215 772 2293; x_wconf 84' lang='lat' dir='ltr'>facta,</span> <span class='ocrx_word' id='word_1_81' title='bbox 793 2220 896 2292; x_wconf 90' lang='lat' dir='ltr'>tunm,</span> 
     </span>
     <span class='ocr_line' id='line_1_17' title="bbox 176 2297 1025 2379; baseline -0.007 -18"><span class='ocrx_word' id='word_1_82' title='bbox 176 2304 279 2378; x_wconf 83' lang='lat' dir='ltr'>Atque</span> <span class='ocrx_word' id='word_1_83' title='bbox 300 2300 385 2359; x_wconf 88' lang='lat' dir='ltr'>inter</span> <span class='ocrx_word' id='word_1_84' title='bbox 407 2300 544 2376; x_wconf 82' lang='lat' dir='ltr'>geminas</span> <span class='ocrx_word' id='word_1_85' title='bbox 564 2300 730 2379; x_wconf 83' lang='lat' dir='ltr'>pingantur</span> <span class='ocrx_word' id='word_1_86' title='bbox 753 2317 867 2358; x_wconf 91' lang='lat' dir='ltr'>cornua</span> <span class='ocrx_word' id='word_1_87' title='bbox 888 2297 1025 2357; x_wconf 73' lang='lat' dir='ltr'>frontes:</span> 
     </span>
     <span class='ocr_line' id='line_1_18' title="bbox 218 2382 984 2463; baseline -0.003 -20"><span class='ocrx_word' id='word_1_88' title='bbox 218 2384 270 2444; x_wconf 93' lang='lat' dir='ltr'>Sic</span> <span class='ocrx_word' id='word_1_89' title='bbox 290 2382 406 2444; x_wconf 89' lang='lat' dir='ltr'>etenim</span> <span class='ocrx_word' id='word_1_90' title='bbox 427 2388 579 2463; x_wconf 84' lang='lat' dir='ltr'>comptum</span> <span class='ocrx_word' id='word_1_91' title='bbox 602 2384 728 2442; x_wconf 89' lang='lat' dir='ltr'>mittere</span> <span class='ocrx_word' id='word_1_92' title='bbox 751 2387 878 2462; x_wconf 85' lang='lat' dir='ltr'>oportet</span> <span class='ocrx_word' id='word_1_93' title='bbox 899 2398 984 2461; x_wconf 75' lang='lat' dir='ltr'>opus.</span> 
     </span>
    </p>
   </div>
   <div class='ocr_carea' id='block_1_8' title="bbox 174 2466 1285 2545">
    <p class='ocr_par' dir='ltr' id='par_1_9' title="bbox 174 2466 1285 2545">
     <span class='ocr_line' id='line_1_19' title="bbox 174 2466 1285 2545; baseline -0.005 -15"><span class='ocrx_word' id='word_1_94' title='bbox 174 2469 237 2530; x_wconf 88' lang='lat' dir='ltr'>Per</span> <span class='ocrx_word' id='word_1_95' title='bbox 257 2487 330 2544; x_wconf 80' lang='lat' dir='ltr'>uos,</span> <span class='ocrx_word' id='word_1_96' title='bbox 352 2471 494 2527; x_wconf 74' lang='lat' dir='ltr'>auctores</span> <span class='ocrx_word' id='word_1_97' title='bbox 513 2466 603 2527; x_wconf 91' lang='lat' dir='ltr'>huius</span> <span class='ocrx_word' id='word_1_98' title='bbox 625 2467 701 2526; x_wconf 89' lang='lat' dir='ltr'>mihi</span> <span class='ocrx_word' id='word_1_99' title='bbox 722 2466 880 2545; x_wconf 83' lang='lat' dir='ltr'>carminis,</span> <span class='ocrx_word' id='word_1_100' title='bbox 903 2484 959 2525; x_wconf 92' lang='lat' dir='ltr'>oro</span> <span class='ocrx_word' id='word_1_101' title='bbox 1148 2471 1180 2525; x_wconf 78' lang='lat'>15</span> <span class='ocrx_word' id='word_1_102' title='bbox 1284 2466 1285 2475; x_wconf 74' lang='grc'>’</span> 
     </span>
    </p>
   </div>
   <div class='ocr_carea' id='block_1_9' title="bbox 174 2547 945 2876">
    <p class='ocr_par' dir='ltr' id='par_1_10' title="bbox 174 2547 945 2876">
     <span class='ocr_line' id='line_1_20' title="bbox 220 2547 931 2629; baseline -0.004 -18"><span class='ocrx_word' id='word_1_103' title='bbox 220 2550 448 2629; x_wconf 80' lang='lat' dir='ltr'>Castaliamque</span> <span class='ocrx_word' id='word_1_104' title='bbox 468 2551 605 2611; x_wconf 85' lang='lat' dir='ltr'>umbram</span> <span class='ocrx_word' id='word_1_105' title='bbox 627 2551 811 2629; x_wconf 87' lang='lat' dir='ltr'>Pieriosque</span> <span class='ocrx_word' id='word_1_106' title='bbox 828 2547 931 2627; x_wconf 80' lang='lat' dir='ltr'>lacus,</span> 
     </span>
     <span class='ocr_line' id='line_1_21' title="bbox 174 2632 945 2712; baseline -0.008 -16"><span class='ocrx_word' id='word_1_107' title='bbox 174 2637 221 2696; x_wconf 87' lang='lat' dir='ltr'>lte</span> <span class='ocrx_word' id='word_1_108' title='bbox 243 2633 367 2695; x_wconf 90' lang='lat' dir='ltr'>domum</span> <span class='ocrx_word' id='word_1_109' title='bbox 389 2632 566 2712; x_wconf 88' lang='lat' dir='ltr'>cultumque</span> <span class='ocrx_word' id='word_1_110' title='bbox 585 2632 633 2692; x_wconf 93' lang='lat' dir='ltr'>illi</span> <span class='ocrx_word' id='word_1_111' title='bbox 655 2633 767 2691; x_wconf 89' lang='lat' dir='ltr'>donate</span> <span class='ocrx_word' id='word_1_112' title='bbox 787 2632 945 2708; x_wconf 86' lang='lat' dir='ltr'>libellum,</span> 
     </span>
     <span class='ocr_line' id='line_1_22' title="bbox 219 2712 879 2777; baseline -0.008 0"><span class='ocrx_word' id='word_1_113' title='bbox 219 2717 307 2777; x_wconf 90' lang='lat' dir='ltr'>Sicut</span> <span class='ocrx_word' id='word_1_114' title='bbox 325 2718 402 2777; x_wconf 86' lang='lat' dir='ltr'>erit:</span> <span class='ocrx_word' id='word_1_115' title='bbox 424 2714 527 2776; x_wconf 87' lang='lat' dir='ltr'>nullus</span> <span class='ocrx_word' id='word_1_116' title='bbox 550 2713 668 2776; x_wconf 90' lang='lat' dir='ltr'>defluat</span> <span class='ocrx_word' id='word_1_117' title='bbox 686 2714 760 2774; x_wconf 90' lang='lat' dir='ltr'>iude</span> <span class='ocrx_word' id='word_1_118' title='bbox 782 2712 879 2773; x_wconf 90' lang='lat' dir='ltr'>color.</span> 
     </span>
     <span class='ocr_line' id='line_1_23' title="bbox 175 2798 945 2876; baseline -0.005 -15"><span class='ocrx_word' id='word_1_119' title='bbox 175 2800 233 2867; x_wconf 86' lang='lat' dir='ltr'>Illa</span> <span class='ocrx_word' id='word_1_120' title='bbox 253 2800 329 2860; x_wconf 90' lang='lat' dir='ltr'>mihi</span> <span class='ocrx_word' id='word_1_121' title='bbox 349 2798 486 2876; x_wconf 84' lang='lat' dir='ltr'>referet,</span> <span class='ocrx_word' id='word_1_122' title='bbox 508 2800 535 2859; x_wconf 90' lang='lat' dir='ltr'>si</span> <span class='ocrx_word' id='word_1_123' title='bbox 555 2799 656 2858; x_wconf 87' lang='lat' dir='ltr'>nostri</span> <span class='ocrx_word' id='word_1_124' title='bbox 675 2804 780 2857; x_wconf 91' lang='lat' dir='ltr'>mutua</span> <span class='ocrx_word' id='word_1_125' title='bbox 801 2816 874 2857; x_wconf 92' lang='lat' dir='ltr'>cura</span> <span class='ocrx_word' id='word_1_126' title='bbox 896 2803 945 2857; x_wconf 85' lang='lat' dir='ltr'>est</span> 
     </span>
    </p>
   </div>
   <div class='ocr_carea' id='block_1_10' title="bbox 217 2878 1285 2962">
    <p class='ocr_par' dir='ltr' id='par_1_11' title="bbox 217 2878 1285 2962">
     <span class='ocr_line' id='line_1_24' title="bbox 217 2878 1285 2962; baseline -0.002 -19"><span class='ocrx_word' id='word_1_127' title='bbox 217 2886 267 2956; x_wconf 79' lang='lat' dir='ltr'>An</span> <span class='ocrx_word' id='word_1_128' title='bbox 287 2884 405 2960; x_wconf 90' lang='lat' dir='ltr'>minor,</span> <span class='ocrx_word' id='word_1_129' title='bbox 427 2902 466 2942; x_wconf 95' lang='lat' dir='ltr'>an</span> <span class='ocrx_word' id='word_1_130' title='bbox 487 2887 554 2941; x_wconf 89' lang='lat' dir='ltr'>toto</span> <span class='ocrx_word' id='word_1_131' title='bbox 574 2887 704 2962; x_wconf 90' lang='lat' dir='ltr'>pectore</span> <span class='ocrx_word' id='word_1_132' title='bbox 726 2878 905 2941; x_wconf 84' lang='lat' dir='ltr'>deciderim.</span> <span class='ocrx_word' id='word_1_133' title='bbox 1147 2888 1182 2942; x_wconf 63' lang='grc' dir='ltr'><strong>Μ</strong></span> <span class='ocrx_word' id='word_1_134' title='bbox 1284 2886 1285 2889; x_wconf 75' lang='grc'>’</span> 
     </span>
    </p>
   </div>
   <div class='ocr_carea' id='block_1_11' title="bbox 176 2962 1181 3633">
    <p class='ocr_par' dir='ltr' id='par_1_12' title="bbox 176 2962 936 3131">
     <span class='ocr_line' id='line_1_25' title="bbox 176 2962 914 3048; baseline -0.008 -18"><span class='ocrx_word' id='word_1_135' title='bbox 176 2967 240 3030; x_wconf 87' lang='lat' dir='ltr'>Sed</span> <span class='ocrx_word' id='word_1_136' title='bbox 261 2969 393 3048; x_wconf 88' lang='lat' dir='ltr'>primurn</span> <span class='ocrx_word' id='word_1_137' title='bbox 413 2966 554 3026; x_wconf 88' lang='lat' dir='ltr'>meritam</span> <span class='ocrx_word' id='word_1_138' title='bbox 573 2964 659 3043; x_wconf 80' lang='lat' dir='ltr'>larga</span> <span class='ocrx_word' id='word_1_139' title='bbox 682 2963 794 3025; x_wconf 89' lang='lat' dir='ltr'>donate</span> <span class='ocrx_word' id='word_1_140' title='bbox 815 2962 914 3025; x_wconf 86' lang='lat' dir='ltr'>salute</span> 
     </span>
     <span class='ocr_line' id='line_1_26' title="bbox 218 3049 936 3131; baseline -0.006 -20"><span class='ocrx_word' id='word_1_141' title='bbox 218 3052 323 3131; x_wconf 81' lang='lat' dir='ltr'>Atque</span> <span class='ocrx_word' id='word_1_142' title='bbox 345 3051 422 3111; x_wconf 87' lang='lat' dir='ltr'>haec</span> <span class='ocrx_word' id='word_1_143' title='bbox 445 3050 595 3111; x_wconf 88' lang='lat' dir='ltr'>submisso</span> <span class='ocrx_word' id='word_1_144' title='bbox 618 3049 714 3109; x_wconf 90' lang='lat' dir='ltr'>dicite</span> <span class='ocrx_word' id='word_1_145' title='bbox 735 3050 829 3110; x_wconf 88' lang='lat' dir='ltr'>verba</span> <span class='ocrx_word' id='word_1_146' title='bbox 851 3066 936 3108; x_wconf 82' lang='lat' dir='ltr'>sono.</span> 
     </span>
    </p>

    <p class='ocr_par' dir='ltr' id='par_1_13' title="bbox 178 3132 1130 3299">
     <span class='ocr_line' id='line_1_27' title="bbox 178 3132 1130 3213; baseline -0.003 -17"><span class='ocrx_word' id='word_1_147' title='bbox 178 3136 285 3197; x_wconf 68' lang='lat' dir='ltr'>‘llaec</span> <span class='ocrx_word' id='word_1_148' title='bbox 307 3135 366 3194; x_wconf 88' lang='lat' dir='ltr'>tibi</span> <span class='ocrx_word' id='word_1_149' title='bbox 387 3134 435 3194; x_wconf 89' lang='lat' dir='ltr'>vir</span> <span class='ocrx_word' id='word_1_150' title='bbox 458 3132 628 3213; x_wconf 89' lang='lat' dir='ltr'>quondam,</span> <span class='ocrx_word' id='word_1_151' title='bbox 648 3152 730 3193; x_wconf 89' lang='lat' dir='ltr'>nunc</span> <span class='ocrx_word' id='word_1_152' title='bbox 751 3133 867 3211; x_wconf 84' lang='lat' dir='ltr'>frater,</span> <span class='ocrx_word' id='word_1_153' title='bbox 882 3138 972 3193; x_wconf 70' lang='lat' dir='ltr'>&#39;carta</span> <span class='ocrx_word' id='word_1_154' title='bbox 993 3132 1130 3211; x_wconf 86' lang='lat' dir='ltr'>Neaera,</span> 
     </span>
     <span class='ocr_line' id='line_1_28' title="bbox 216 3218 911 3299; baseline -0.006 -18"><span class='ocrx_word' id='word_1_155' title='bbox 216 3220 319 3282; x_wconf 87' lang='lat' dir='ltr'>Mittit</span> <span class='ocrx_word' id='word_1_156' title='bbox 340 3222 374 3279; x_wconf 90' lang='lat' dir='ltr'>et</span> <span class='ocrx_word' id='word_1_157' title='bbox 392 3218 525 3297; x_wconf 86' lang='lat' dir='ltr'>accipias</span> <span class='ocrx_word' id='word_1_158' title='bbox 547 3236 674 3278; x_wconf 86' lang='lat' dir='ltr'>munera</span> <span class='ocrx_word' id='word_1_159' title='bbox 691 3236 784 3299; x_wconf 88' lang='lat' dir='ltr'>parra</span> <span class='ocrx_word' id='word_1_160' title='bbox 804 3221 911 3295; x_wconf 85' lang='lat' dir='ltr'>rogat,</span> 
     </span>
    </p>

    <p class='ocr_par' dir='ltr' id='par_1_14' title="bbox 180 3298 1181 3447">
     <span class='ocr_line' id='line_1_29' title="bbox 180 3298 1181 3383; baseline -0.003 -20"><span class='ocrx_word' id='word_1_161' title='bbox 180 3304 292 3383; x_wconf 86' lang='lat' dir='ltr'>Teque</span> <span class='ocrx_word' id='word_1_162' title='bbox 313 3303 377 3363; x_wconf 79' lang='lat' dir='ltr'>suia</span> <span class='ocrx_word' id='word_1_163' title='bbox 398 3301 479 3361; x_wconf 89' lang='lat' dir='ltr'>iurat</span> <span class='ocrx_word' id='word_1_164' title='bbox 501 3321 601 3361; x_wconf 89' lang='lat' dir='ltr'>caram</span> <span class='ocrx_word' id='word_1_165' title='bbox 623 3301 719 3379; x_wconf 83' lang='lat' dir='ltr'>magis</span> <span class='ocrx_word' id='word_1_166' title='bbox 741 3318 810 3360; x_wconf 89' lang='lat' dir='ltr'>esse</span> <span class='ocrx_word' id='word_1_167' title='bbox 831 3298 994 3378; x_wconf 89' lang='lat' dir='ltr'>medullis,</span> <span class='ocrx_word' id='word_1_168' title='bbox 1147 3310 1181 3361; x_wconf 73' lang='lat'>25</span> 
     </span>
     <span class='ocr_line' id='line_1_30' title="bbox 219 3385 853 3447; baseline -0.008 0"><span class='ocrx_word' id='word_1_169' title='bbox 219 3388 291 3447; x_wconf 86' lang='lat' dir='ltr'>Siue</span> <span class='ocrx_word' id='word_1_170' title='bbox 312 3386 371 3447; x_wconf 87' lang='lat' dir='ltr'>sibi</span> <span class='ocrx_word' id='word_1_171' title='bbox 394 3386 527 3445; x_wconf 85' lang='lat' dir='ltr'>coniunx</span> <span class='ocrx_word' id='word_1_172' title='bbox 548 3386 612 3445; x_wconf 87' lang='lat' dir='ltr'>sire</span> <span class='ocrx_word' id='word_1_173' title='bbox 632 3385 737 3444; x_wconf 83' lang='lat' dir='ltr'>lutura</span> <span class='ocrx_word' id='word_1_174' title='bbox 756 3402 853 3443; x_wconf 88' lang='lat' dir='ltr'>soror.</span> 
     </span>
    </p>

    <p class='ocr_par' dir='ltr' id='par_1_15' title="bbox 179 3465 982 3633">
     <span class='ocr_line' id='line_1_31' title="bbox 179 3465 982 3551; baseline -0.004 -21"><span class='ocrx_word' id='word_1_175' title='bbox 179 3468 243 3531; x_wconf 87' lang='lat' dir='ltr'>Sed</span> <span class='ocrx_word' id='word_1_176' title='bbox 265 3471 368 3551; x_wconf 86' lang='lat' dir='ltr'>potius</span> <span class='ocrx_word' id='word_1_177' title='bbox 392 3470 540 3530; x_wconf 83' lang='lat' dir='ltr'>coniunx:</span> <span class='ocrx_word' id='word_1_178' title='bbox 559 3469 649 3529; x_wconf 90' lang='lat' dir='ltr'>huius</span> <span class='ocrx_word' id='word_1_179' title='bbox 671 3485 757 3547; x_wconf 88' lang='lat' dir='ltr'>spem</span> <span class='ocrx_word' id='word_1_180' title='bbox 778 3468 911 3530; x_wconf 85' lang='lat' dir='ltr'>nominis</span> <span class='ocrx_word' id='word_1_181' title='bbox 932 3465 982 3529; x_wconf 90' lang='lat' dir='ltr'>illi</span> 
     </span>
     <span class='ocr_line' id='line_1_32' title="bbox 220 3551 869 3633; baseline -0.009 -17"><span class='ocrx_word' id='word_1_182' title='bbox 220 3554 353 3616; x_wconf 76' lang='lat' dir='ltr'>Auferet</span> <span class='ocrx_word' id='word_1_183' title='bbox 372 3554 508 3615; x_wconf 80' lang='lat' dir='ltr'>extincto</span> <span class='ocrx_word' id='word_1_184' title='bbox 530 3551 647 3633; x_wconf 87' lang='lat' dir='ltr'>pallida</span> <span class='ocrx_word' id='word_1_185' title='bbox 667 3551 748 3612; x_wconf 85' lang='lat' dir='ltr'>Ditis</span> <span class='ocrx_word' id='word_1_186' title='bbox 770 3554 869 3629; x_wconf 65' lang='lat' dir='ltr'>aqua?</span> 
     </span>
    </p>
   </div>
   <div class='ocr_carea' id='block_1_12' title="bbox 587 3700 784 3715">
    <p class='ocr_par' dir='ltr' id='par_1_16' title="bbox 587 3700 784 3715">
     <span class='ocr_line' id='line_1_33' title="bbox 587 3700 784 3715; baseline -0.02 0"><span class='ocrx_word' id='word_1_187' title='bbox 587 3700 784 3715; x_wconf 65' lang='grc' dir='ltr'>-ι-ι--σ-</span> 
     </span>
    </p>
   </div>
   <div class='ocr_carea' id='block_1_13' title="bbox 0 0 1370 4325">
    <p class='ocr_par' dir='ltr' id='par_1_17' title="bbox 0 0 1370 4325">
     <span class='ocr_line' id='line_1_34' title="bbox 0 0 1370 4325; baseline 0 0"><span class='ocrx_word' id='word_1_188' title='bbox 0 0 1370 4325; x_wconf 95' lang='lat' dir='ltr'> </span> 
     </span>
    </p>
   </div>
  </div>
 </body>
</html>
