2717 4325
196 412 247 469 llll

226 580 400 653 prooemium
443 578 543 653 prood.
747 580 883 638 mesodns
1086 587 1170 660 epod

221 660 493 775 we
618 697 1133 783 oennrt'rre

236 799 294 855 inv.
316 798 389 871 virg.
455 802 513 855 inv.
615 816 642 855 v.
680 799 701 853 i.
739 816 766 855 v.
815 801 833 856 i.
864 799 918 857 'v.
967 804 985 860 i.
1094 808 1155 875 inv.

279 896 338 955 Sed
348 913 383 971 ne
394 897 419 953 is
430 898 542 968 quidem
557 914 615 953 rern
625 896 796 970 profligavit
828 899 892 955 iles
904 901 1042 957 sententia
1054 918 1102 959 res
1113 906 1152 961 ite
1165 923 1198 961 se

194 982 291 1039 habet:
314 979 432 1037 Carmen
457 983 641 1052 compositum
659 988 703 1040 eet
725 982 881 1053 estropbls
899 989 926 1038 et
949 991 1148 1054 quaternorum
1171 998 1199 1045 et

195 1067 340 1138 quinorum
357 1070 506 1134 versuum
525 1065 663 1121 secedunt
677 1082 780 1123 versos
791 1067 971 1123 intercalares
988 1070 1033 1125 vel
1047 1063 1197 1145 mmo}

194 1167 270 1222 poro
279 1149 317 1203 ibi
328 1153 434 1205 tantum
445 1154 569 1218 cantate,
585 1150 631 1205 ubi
646 1149 820 1206 hemiehorie
830 1150 970 1222 virginum
981 1158 1009 1207 et
1019 1153 1154 1210 iuvenum
1166 1173 1197 1211 ee

194 1233 349 1305 excipiunt,
369 1231 510 1302 qneread
531 1233 738 1305 enrhythmianr
754 1233 886 1290 carminis
910 1234 949 1290 nil
965 1237 1128 1308 conterunt,
1145 1239 1199 1295 sed

194 1322 273 1373 extra
290 1314 473 1385 stropharum,
483 1318 698 1373 concinnitatem
716 1318 852 1393 eotloeete
869 1309 942 1375 sunt
974 1317 1096 1377 Schema
1113 1322 1198 1379 totius

194 1399 326 1479 serotinis
336 1413 477 1471 epponem

380 1512 383 1519 ¹
493 1540 496 1547 .
537 1578 539 1583 Ι
586 1494 802 1552 'llstnemoeln

576 1586 771 1650 quaternorum
786 1594 815 1637 v.
909 1623 913 1629 .

524 1706 526 1711 ·
600 1704 613 1729 ·¹
651 1669 748 1722 1—10

234 1896 397 1970 listr.iuv.'
562 1912 830 1981 Vlllstmnroebss,
998 1914 1023 1970 ll
1034 1922 1082 1971 etr.
1094 1918 1153 1975 inv.
1164 1933 1177 1947 ··

193 2003 388 2069 quaternorum
399 2011 428 2052 v.
467 2000 470 2007 ⁴
595 1998 741 2068 quinorum
753 2012 782 2053 v.
955 2004 1195 2069 quaternorum,

254 2086 364 2140 11-19
626 2085 738 2139 20-58
825 2090 830 2097 '
977 2139 980 2145 ,
1013 2087 1133 2142 dil-66.

275 2247 534 2318 Medionemeton,
548 2264 608 2319 quo,
616 2249 743 2317 virginee
753 2248 909 2320 vesperum
921 2250 1209 2319 accusant-iuvenes

194 2332 353 2402 detendunt,
365 2335 486 2390 eontinet
502 2333 564 2386 Vlll
582 2330 714 2402 strophae
727 2332 874 2401 quinoru‘m
892 2349 1033 2402 versuum,
1049 2349 1121 2404 qnae
1136 2337 1197 2391 vir·
1246 2350 1247 2395 r

193 2418 274 2487 pines
294 2423 321 2471 et
335 2417 453 2473 iuvenes
470 2413 767 2470 alternatim'eentant'.
803 2415 861 2472 Eae
878 2417 920 2472 sie
944 2416 1098 2486 dispositae
1114 2425 1196 2474 sunt:

150 2484 1210 2576 'mffimfflmfflmfflmfimfflmfflmffimm

193 2582 322 2654 strophas
333 2578 657 2654 puellae·‚'antis·trophes
668 2584 748 2653 pueri
759 2588 872 2658 conant.
898 2583 1083 2638 'Praecedunt
1100 2590 1129 2638 et
1144 2599 1196 2640 ee·

191 2672 317 2739 quuntur
333 2667 416 2722 binee
437 2666 567 2744 strophae
580 2659 778 2737 quaternorum
791 2682 923 2723 versuum
935 2667 1031 2721 ssolie
1045 2667 1202 2724 iuvenibus·

193 2755 328 2806 cantatae.
352 2749 467 2819 Orditur
482 2755 566 2805 totum
579 2753 692 2817 eer'nten
703 2766 721 2804 a
732 2741 844 2824 dnobus
854 2748 977 2820 strophis
993 2754 1197 2820 quaternorum

192 2825 334 2900 versuum,
350 2835 449 2905 quibus
466 2833 583 2888 iuvenes
596 2839 624 2888 et
641 2835 767 2906 virgines
785 2833 979 2902 adoertsmen
996 2849 1027 2888 se
1045 2832 1200 2907 exhorten-

191 2923 243 2975 tur.
255 2945 297 2957 —
313 2917 441 2990 Versunt
451 2921 488 2974 33
501 2916 630 2989 Namque·
641 2923 688 2972 tuo
705 2917 822 2972 Mmtu
839 2919 931 2988 ospitat
946 2916 1071 2971 misnia
1084 2929 1200 2987 temper

191 3017 245 3072 ego
259 3000 341 3074 tribui
353 3001 518 3070 virginibus,
528 3001 627 3070 qdibus
640 3006 683 3056 est
694 3009 907 3067 consentaneus,
915 2995 1039 3070 nemque
1051 3000 1199 3056 exoriente
1245 2994 1246 3001 '

191 3083 317 3155 Hespero
330 3084 487 3138 oevendum
500 3099 564 3146 esse
576 3082 670 3138 dieunt
681 3083 824 3156 virgines,
841 3072 876 3137 ne
889 3078 959 3138 iurte
976 3083 1051 3142 fient.
1079 3082 1153 3137 Ante
1171 3091 1201 3137 et

192 3167 339 3238 posthunc
352 3182 464 3228 versum
477 3167 576 3220 lacuna
592 3173 643 3235 est,
659 3183 712 3221 nee
728 3175 804 3222 certo
822 3167 969 3222 diiudicari
988 3172 1102 3237 potest‚·
1112 3181 1198 3236 quem

119 3255 122 3262 '
191 3252 283 3306 loounr
301 3251 328 3305 in
340 3250 455 3321 strophe
464 3250 605 3320 virginum
617 3265 719 3306 versus
735 3252 781 3305 ille
794 3251 927 3306 'tenuerit
952 3249 1011 3305 Hoo
1029 3256 1121 3304 lamen
1136 3264 1200 3303 eer-

121 3335 124 3342 ’
191 3340 248 3389 turn
265 3336 494 3405 exploratumque
507 3339 583 3403 puto,
601 3345 657 3388 non
674 3336 770 3405 plures
784 3336 814 3388 in
830 3327 884 3392 hae
905 3325 1020 3404 strophe
1036 3347 1123 3403 quarn
1138 3338 1200 3387 tres

191 3433 292 3473 versus
303 3423 330 3474 et
347 3418 541 3473 intercalarem
553 3417 704 3475 excidisse.
722 3418 752 3474 ln
770 3417 959 3488 antistrophe,
977 3432 1059 3488 qnam
1077 3416 1200 3475 iuvenes

193 3507 310 3570 canunt,
326 3502 407 3556 deest
418 3517 517 3556 verens
534 3492 654 3573 primus,
672 3503 757 3558 ceteri
774 3504 846 3570 bene
863 3501 1055 3578 servatieunt.
1071 3527 1112 3538 -
1124 3500 1201 3557 :Post

193 3599 268 3639 vers.
279 3588 314 3642 41
328 3599 412 3639 unum
428 3602 541 3641 versum
560 3587 700 3641 interiisse
717 3588 835 3640 arbitror
853 3601 916 3639 eum
927 3581 1121 3649 '1⁴“ro‹›'hliehio⁷
1132 3589 1201 3652 post

192 3671 228 3727 tn
238 3666 382 3737 Hauptius.
393 3694 435 3708 ·-
453 3669 482 3724 ln
502 3670 616 3741 stropha
627 3669 799 3741 paenultima
814 3683 900 3723 unum
911 3682 1026 3721 versum
1037 3665 1140 3731 deesse
1154 3673 1199 3721 to—
