2717 4325
182 402 273 485 '18
531 414 900 477 ιιιοιιιιιιιι

278 598 295 649 5
316 586 387 648 Non
399 584 476 646 adeo
487 583 601 645 leuiter
612 584 729 643 nostris
738 601 818 663 puer
828 584 930 644 haesit
942 570 1071 668 asellis*

355 671 400 731 Ut
411 688 497 729 meu
509 665 608 727 oblito
619 665 720 746 pulvis
731 686 836 727 amare
847 674 945 731 vacet.
1037 696 1042 701 ·

314 752 382 815 illic
392 750 581 831 Phylacides
596 750 748 811 iucundae
759 752 898 830 coniugis
909 753 1004 813 heros

354 838 424 898 Non
433 838 537 916 potuit
548 836 649 895 raeci
659 836 811 895 inmemor
822 854 893 896 esse
903 835 992 914 locis,

314 920 379 983 Sed
390 919 520 1001 cupidus
530 918 619 980 falsis
631 920 787 997 attingere
797 920 908 998 gaudia
916 920 1027 1000 palmis

261 1018 296 1069 10
359 1002 521 1066 Thessalis
533 1006 690 1084 antiquam
700 1011 830 1064 venerat
838 1006 948 1065 umbra
960 1004 1092 1069 demum.

312 1088 380 1151 lllie
393 1088 541 1170 quicquid
552 1107 618 1165 ero,
631 1106 756 1168 semper
767 1092 820 1147 tua
830 1086 916 1148 dicar
926 1090 1043 1167 imago:

354 1175 476 1234 Traieit
486 1180 520 1233 et
531 1173 588 1232 fati
599 1169 695 1232 litora
704 1190 832 1249 magnus
843 1191 937 1233 umor.
1013 1198 1016 1203 ·

312 1257 382 1319 Illic
392 1258 548 1317 formosae
560 1258 687 1316 veniant
697 1257 811 1316 chorus
822 1257 983 1333 heminae,

354 1344 436 1420 Quas
448 1340 536 1402 dedit
548 1341 672 1419 Argiuis
682 1340 827 1400 Dardana
836 1339 953 1421 praeda
963 1341 1055 1414 riris3

259 1436 292 1489 15
314 1429 449 1505 Quarum
459 1425 716 1486 nullatuaiuerit
726 1426 812 1502 mihi,
825 1424 968 1503 Cynthia,
978 1424 1079 1484 forma

354 1512 481 1571 Gratior
493 1518 526 1569 et
537 1508 648 1569 Tellus
658 1510 719 1570 hue
729 1511 774 1570 ita
784 1510 865 1569 iusta
875 1509 964 1568 sinat.

312 1593 619 1672 Quamvistelongae
629 1599 829 1653 remorentur
838 1592 903 1652 iata
913 1598 1068 1670 senectae,

352 1680 432 1739 Cara
441 1684 546 1736 tamen
556 1674 693 1736 lacrimis
704 1696 774 1735 ossa
783 1677 888 1736 lutura
897 1677 984 1737 meis.

312 1763 397 1839 Quae
408 1767 444 1820 tu
453 1762 521 1821 riva
534 1778 602 1819 mes
612 1762 713 1840 possis
724 1762 842 1819 sentire
854 1758 979 1837 favillat

256 1854 292 1907 20
354 1845 434 1905 Tum
445 1846 521 1905 mihi
531 1863 594 1905 uon
604 1842 670 1905 ullo
682 1864 765 1904 murs
777 1846 819 1905 sit
830 1864 932 1904 amara
940 1843 1020 1907 loeo.

312 1931 409 2008 Quam
422 1948 544 2008 vereor,
558 1936 642 1989 nete
655 1934 844 2009 contempto,
856 1929 1000 2007 Cynthia,
1011 1929 1102 1988 busto

352 2014 522 2075 Abstrahat
533 2020 667 2073 anostra
678 2010 809 2093 pulvere
820 2014 944 2093 iniquus
957 2014 1061 2090 Amor,

312 2101 411 2179 Cogit
420 2104 455 2159 et
463 2100 590 2159 inritam
600 2098 742 2158 lacrimas
757 2099 874 2157 siccare
887 2096 1049 2156 cadentes!

350 2183 506 2245 Flectitur
517 2181 647 2244 assiduis
660 2188 746 2242 certa
756 2180 862 2262 puella
871 2183 972 2243 minis.

256 2278 290 2330 25
312 2268 426 2347 Quare,
440 2267 512 2327 dum
520 2265 610 2344 licet,
620 2267 706 2326 inter
716 2285 773 2326 nos
785 2264 939 2326 laetemur
951 2271 1102 2327 amantesz

350 2351 420 2412 Non
431 2352 506 2412 sutis
518 2356 567 2412 est
576 2348 642 2411 ullo
652 2356 795 2430 tempure
805 2350 915 2429 longus
928 2369 1021 2411 amor.

238 2481 296 2580 20
311 2483 381 2580 Hoc
392 2539 450 2600 pro
463 2521 609 2580 contiuuo
621 2525 664 2598 te,
678 2516 781 2596 Galle,
792 2535 951 2578 monemus
962 2535 1075 2595 amore,
1180 2591 1183 2594 ἦ

350 2604 386 2664 Id
395 2598 454 2665 tibi
464 2624 505 2664 ne
516 2623 611 2664 vacuo
624 2603 741 2663 defluat
751 2621 790 2662 ex
800 2603 916 2662 animo:

310 2689 411 2768 Saepe
422 2687 614 2768 imprudenti
624 2687 750 2747 fortuna
761 2688 899 2746 occurrit
908 2687 1029 2746 amanti.

351 2769 496 2832 Crudelis
506 2771 624 2849 Minyis
636 2769 751 2830 dixerit
761 2772 921 2831 Ascanius.

272 2864 289 2917 5
310 2856 368 2917 Est
377 2855 437 2915 tibi
447 2872 511 2914 non
520 2853 604 2913 infra
614 2855 762 2934 speeiem,
774 2874 836 2914 non
849 2856 974 2914 nomine
986 2852 1090 2935 dispar

353 2938 599 2999 Thiodamanteo
611 2939 767 3018 proximus
779 2938 873 2999 ardor
884 2938 1001 3019 Hylae:

309 3025 401 3084 llunc
412 3029 456 3102 tu,
468 3023 533 3084 sive
543 3021 630 3102 leges
644 3026 807 3084 umbrosae
817 3024 944 3083 flumina
955 3021 1049 3099 Silae,

352 3107 424 3168 Sive
432 3109 556 3168 Aniena
566 3114 635 3168 tuos
646 3109 777 3169 tinxerit
787 3107 870 3167 unda
879 3107 988 3188 pedes,

310 3191 382 3252 Sive
396 3193 547 3273 Gigantea
558 3195 733 3275 spatiabere
743 3193 846 3254 lituris
858 3204 923 3270 ura,

258 3285 292 3338 10
356 3277 427 3338 Sive
438 3279 622 3356 ubicumque
633 3297 709 3356 vago
720 3277 856 3337 fluminis
866 3276 1014 3356 hospitio,

309 3362 520 3442 Nympharum
531 3380 654 3441 semper
667 3361 787 3441 cupidis
800 3359 937 3420 deiende
948 3358 1065 3440 rapinis

352 3439 443 3532 (Non
454 3449 555 3507 minor
565 3447 711 3505 Ausoniis
723 3452 772 3504 est
783 3465 868 3505 amor
878 3435 1068 3528 Adryasin),

310 3531 356 3591 Ne
368 3532 427 3591 tibi
439 3533 490 3609 sit,
503 3529 622 3608 durum,
634 3536 756 3590 montes
767 3535 801 3589 et
809 3527 925 3608 frigida
936 3547 1017 3606 saus,

352 3613 453 3692 Galle,
465 3633 567 3694 neque
579 3620 725 3694 expertos
737 3632 861 3693 semper
872 3612 959 3672 adire
969 3610 1067 3687 lacus,

256 3707 289 3759 15
312 3698 397 3774 Quae
409 3700 504 3758 miser
517 3700 632 3777 ignotis
644 3717 735 3758 error
744 3716 913 3778 perpessus
923 3697 957 3755 in
969 3696 1032 3754 oris
