2717 4325
1139 368 1146 373 .
1278 194 1284 401 1

319 599 386 675 Qua
397 592 519 657 Siculae
528 593 629 654 victor
638 588 764 651 telluris
777 589 925 651 Claudius
935 598 969 652 et
979 610 1057 671 qua,

359 680 474 741 Gaesar
485 679 522 738 ab
533 677 664 736 humana
675 677 770 735 cessit
779 674 813 733 in
824 680 907 735 astra
917 676 974 737 viu.
1282 713 1284 806 Ι

234 432 276 495 80
530 422 893 489 monnarii

252 811 307 905 18
324 808 469 905 (inicitur
478 843 595 904 totiens
606 848 666 901 ate
677 842 753 902 mihi
761 847 868 901 nostra
877 838 994 902 libido:
1143 808 1203 904 ld

362 925 465 989 Crede
477 927 552 986 mihi
563 968 572 1004 ‚
584 926 670 986 vobis
680 927 813 1007 imperat
822 926 883 984 ista
892 928 997 1003 magis.

321 1012 396 1089 Vos,
407 1012 460 1071 ubi
471 1010 641 1090 contempti
651 1010 780 1089 rupistis
790 1010 881 1069 frena
890 1008 1030 1089 pudoris,

362 1096 497 1155 Nescitis
509 1100 616 1175 captae
627 1094 740 1153 mentis
750 1094 867 1154 habere
878 1090 1020 1153 modurn

284 1188 301 1239 5
322 1177 458 1240 Flamma
467 1197 526 1260 per
536 1181 678 1239 iuoeuas
689 1178 781 1237 eitius
791 1176 920 1237 sedetur
931 1178 1051 1255 aristas,

364 1262 568 1342 Fluminaque
578 1260 617 1321 ad
627 1260 724 1320 sontis
735 1262 799 1321 sint
808 1259 949 1320 reditura
960 1266 1062 1339 caput,

322 1346 364 1408 nt
374 1345 528 1427 placidum
538 1344 647 1425 Syrtes
658 1350 782 1423 portum
793 1350 826 1403 et
836 1347 917 1405 bona
926 1341 1021 1404 litora
1030 1346 1134 1405 nautis

362 1430 517 1491 Praebeat
527 1428 663 1508 hospitio
674 1445 764 1487 saeva
774 1424 879 1488 Malea
889 1446 956 1505 suo,

324 1515 421 1592 Quam
431 1514 530 1594 possit
540 1518 660 1572 vestros
673 1513 832 1591 quisquam
841 1510 1078 1592 reprehendere
1088 1532 1199 1573 cursus

272 1606 305 1660 10
365 1598 407 1659 Et
416 1594 542 1677 rapidae
553 1593 695 1655 stimulos
705 1594 851 1674 frangere
861 1596 1028 1675 nequitiae.

324 1680 441 1757 Testis,
456 1679 582 1740 Cretaei
592 1680 690 1738 fastus
701 1696 780 1758 quae
789 1697 879 1759 prssa
889 1680 1010 1740 iuvenci

364 1760 468 1822 Induit
478 1762 625 1840 abiegnae
637 1780 752 1822 cornua
762 1762 840 1822 falsa
849 1765 953 1824 borist

325 1846 431 1906 Testis
442 1843 624 1905 Thessalico
635 1845 768 1924 flagrans
783 1844 936 1908 Salmonis
945 1846 1077 1926 Enipeo,

366 1931 450 2008 Quae
461 1930 558 1990 voluit
567 1928 687 2008 liquido
698 1935 764 1989 tota
774 1931 878 1990 subire
890 1929 959 1991 deo.

273 2021 305 2075 15
328 2014 454 2075 Crimen
465 2021 497 2075 et
511 2011 567 2073 illa
577 2014 637 2073 fuit
647 2014 749 2093 patria
759 2032 906 2087 succensa
917 2019 1044 2075 senecta

365 2099 495 2160 Arboris
505 2100 539 2158 in
548 2093 677 2157 frondes
689 2095 814 2157 condita
823 2098 954 2178 Myrrha
963 2115 1068 2159 novae.

324 2182 401 2243 Nam
412 2181 487 2262 quid
497 2182 629 2242 Medeae
640 2183 776 2243 referam
788 2201 848 2261 quo
859 2188 1001 2263 tempore
1010 2185 1117 2244 matris

364 2265 444 2326 Iram
454 2271 595 2326 ustorum
607 2264 703 2326 caede
713 2267 809 2346 piavit
820 2267 928 2325 amori
991 2332 995 2337 ,

326 2348 445 2427 Quidve
458 2347 735 2429 Clytaemnestrae,
746 2357 877 2431 propter
885 2369 974 2430 quam
981 2355 1048 2410 tota
1054 2351 1196 2430 Mycenis

272 2442 307 2495 20
366 2432 490 2493 Infamia
502 2439 609 2514 stupro
623 2440 686 2494 stat
695 2433 834 2514 Pelopea
845 2433 974 2494 domus?

328 2517 449 2596 Tuque,
462 2537 479 2577 o
491 2517 597 2578 Minoa
608 2517 790 2578 venumdata
801 2516 905 2597 Scylla
914 2520 1023 2597 figura,

276 2675 281 2686 ι
369 2600 496 2662 'l'ondes
507 2619 664 2681 purpurea
674 2620 770 2680 regna
781 2607 912 2682 paterna
924 2620 1018 2663 coma.

326 2685 414 2745 Hauc
425 2687 520 2764 igitur
531 2683 636 2744 dotem
646 2686 732 2762 uirgo
745 2683 954 2765 desponderat
963 2686 1063 2745 hosti:

367 2771 452 2846 Nise,
464 2775 532 2828 tuas
543 2773 649 2847 portos
659 2767 769 2828 fraude
779 2768 909 2830 reclusit
919 2771 1022 2828 Amor.

272 2858 319 2930 25,
328 2852 371 2910 At
383 2869 448 2929 vos,
459 2853 617 2930 innuptae,
629 2847 753 2910 felicius
764 2853 846 2912 urite
857 2852 979 2914 taedas:
1084 2913 1088 2918 .

239 2935 242 2942 ’
368 2932 492 2994 Pendet
502 2935 634 2994 Cretaea
647 2940 745 2995 tracta
755 2934 862 3016 puella
872 2944 949 2999 rate.

326 3017 395 3078 Non
410 3024 514 3080 tumen
524 3019 670 3079 inmerito
682 3019 786 3080 Minos
797 3020 888 3081 sedet
898 3023 1015 3082 arbiter
1026 3021 1116 3081 Oroi:

367 3102 477 3163 Victor
489 3108 557 3163 erat
567 3105 713 3184 quamuis,
725 3123 839 3183 aequus
850 3107 883 3164 in
894 3107 984 3167 hoste
994 3105 1063 3166 fuit.

259 3229 311 3324 19
330 3232 446 3356 Credis
458 3289 527 3330 eum
537 3273 596 3332 iam
607 3291 700 3352 posse
711 3279 783 3332 tuae
792 3273 969 3333 meminisse
981 3274 1108 3352 figurae,
1140 3231 1196 3342 20

335 3432 337 3434 Ι
368 3351 484 3414 Vidisti
495 3354 607 3416 alecto
620 3375 712 3435 quem
724 3355 799 3416 drre
809 3356 880 3417 vela
890 3357 967 3417 tuo?

326 3435 439 3516 Durus,
452 3440 503 3516 qui
514 3438 601 3499 luero
613 3442 716 3519 potuit
725 3447 845 3501 mutare
856 3438 1007 3522 puellam!

369 3521 505 3582 'Fontine
516 3524 549 3581 in
559 3520 696 3584 lacrimis
707 3525 815 3585 Africa
825 3531 891 3584 tota
901 3524 984 3586 suit?

290 3609 307 3662 5
327 3603 370 3662 At
381 3609 425 3682 tn,
437 3603 541 3684 stulta,
554 3605 640 3684 deos,
651 3613 686 3666 tu
697 3608 787 3687 tingis
798 3611 901 3669 inania
910 3609 1015 3669 rerba.

367 3685 513 3748 Forsitan
523 3688 578 3749 ille
591 3687 651 3750 alio
662 3697 773 3776 peetus
785 3711 889 3753 amore
900 3698 994 3755 terat.
