2717 4325
180 425 200 484 4
528 420 673 483 TlBUbLl
696 420 762 481 nlo.
780 421 801 484 Ι,
819 431 844 482 2.

180 589 237 657 llla
257 593 323 652 viro
347 610 450 651 eoram
471 597 562 650 nutus
583 590 729 650 conferre
749 588 896 669 loquaces

220 673 400 755 Blsndaque
422 675 601 760 compositis
618 672 735 734 abdere
756 674 849 734 verba
870 674 962 735 notis.

178 759 243 822 Nec
265 758 358 820 docet
378 760 439 820 hoc
460 760 576 836 omnis,
598 757 655 818 sed
674 777 751 838 qnos
770 775 828 817 nec
849 759 963 818 inertia
984 757 1087 820 tardat

219 842 284 904 Nec
305 848 390 904 vetat
413 845 544 904 obscura
562 860 693 923 surgere
713 847 806 902 nocte
827 843 930 906 timor.

178 929 226 987 bin
247 947 305 1008 ego
328 947 396 988 cnm
418 929 557 989 tenebris
578 934 644 988 tota
663 945 758 1006 vagor
778 928 883 988 anxius
904 929 998 1001 urbe,

99 1153 105 1166 ,
175 1096 242 1156 Nec
265 1097 340 1156 sinit
361 1103 505 1157 occurrat
526 1098 704 1176 quisquam,
727 1096 779 1175 qni
802 1114 932 1176 corpora
951 1095 1038 1156 ferro
1148 1106 1179 1160 25
1285 1117 1286 1126 ³

218 1178 373 1242 Vulneret
393 1187 446 1242 sut
465 1187 555 1261 rapta
572 1181 712 1261 praemia
733 1185 820 1240 reste
837 1185 933 1260 petat.

175 1265 322 1343 Quisquis
343 1284 447 1325 amore
469 1272 612 1344 tenetur,
634 1270 686 1326 eat
706 1269 854 1345 totusque
876 1282 1023 1342 sacerque

218 1347 380 1427 Qualibet:
400 1348 530 1410 insidias
551 1369 614 1410 non
632 1351 772 1411 timuisse
794 1348 896 1409 decet.

173 1430 243 1496 Non
263 1435 340 1493 mihi
358 1435 447 1513 pigro
469 1440 584 1495 nocent
602 1435 753 1495 hibernae
773 1433 892 1511 frigora
913 1434 1030 1510 noetis,

216 1518 287 1578 Non
306 1518 399 1593 mihi,
421 1537 489 1578 cum
510 1516 607 1578 multa
629 1517 747 1578 decidit
767 1519 868 1578 imber
889 1536 975 1596 aqua.
1146 1527 1180 1582 30

172 1599 243 1662 Non
266 1599 354 1663 lsbor
376 1601 428 1661 hie
446 1599 561 1680 laedit,
582 1607 707 1663 reseret
725 1599 816 1662 modo
838 1599 927 1661 Delia
947 1605 1059 1684 postes

215 1687 257 1745 nt
277 1691 369 1746 vocet
391 1684 430 1745 sd
452 1685 542 1764 digiti
563 1705 612 1747 me
634 1687 788 1746 taciturna
810 1705 925 1746 sonum.

172 1771 297 1830 Parcite
317 1767 500 1848 luminibus,
523 1789 578 1830 seu
599 1771 647 1830 vir
669 1789 724 1830 seu
745 1770 861 1830 femina
881 1771 936 1830 list

216 1854 329 1914 Obvia:
353 1853 450 1914 celari
471 1853 536 1914 vult
557 1875 611 1915 sua
631 1855 716 1917 furta
734 1856 849 1917 Venus.

171 1938 240 1998 Neu
259 1939 393 2018 strepitu
414 1944 535 1999 terrete
547 1939 685 2020 pedum,
705 1959 767 2001 neu
787 1940 927 2019 quaerite
945 1958 1074 2018 nomen,
1144 1948 1178 2003 35
1285 2003 1286 2008 ,

213 2021 282 2082 Neu
302 2042 402 2104 prope
423 2022 557 2102 fulgenti
577 2023 694 2084 lumine
715 2025 799 2085 ferte
817 2024 894 2085 face

172 2108 276 2187 Siquis
295 2113 329 2168 et
348 2107 528 2189 imprudens
550 2110 721 2190 aspexerit,
745 2106 866 2170 occulat
884 2106 941 2170 ille

213 2193 338 2272 Perque
361 2192 436 2253 deos
458 2197 564 2254 omnes
586 2212 620 2253 se
642 2195 818 2254 meminisse
839 2201 947 2271 neget:

169 2276 246 2338 Nam
268 2276 366 2337 fuerit
389 2278 563 2357 quicunque
584 2276 713 2358 loquor,
736 2280 763 2338 is
784 2280 931 2355 sanguine
952 2284 1069 2356 natam,
1158 2278 1181 2313 ’-

212 2362 240 2421 ls
263 2361 419 2422 Venerem
442 2380 460 2421 e
481 2359 590 2442 rapido
613 2364 729 2422 sentiet
752 2379 822 2422 esse
844 2364 930 2425 mari.
1143 2373 1178 2425 io

169 2444 235 2505 Nec
257 2450 359 2507 tumen
381 2445 453 2505 huic
475 2445 585 2506 credet
608 2448 739 2507 coniunx
760 2452 847 2524 tuus,
869 2451 905 2506 ut
925 2446 1000 2506 mihi
1022 2464 1113 2507 verax

123 2536 126 2543 '
211 2527 358 2589 Pollicita
380 2535 429 2589 est
449 2532 567 2610 magico
590 2550 661 2609 saga
683 2531 864 2593 ministerio.

170 2613 259 2672 lianc
281 2632 339 2691 ego
362 2612 401 2673 de
422 2612 510 2676 eaelo
533 2614 697 2676 ducentem
719 2613 822 2675 sidera
843 2613 925 2692 vidi,

210 2694 363 2761 Fluminis
382 2698 460 2759 haee
482 2699 583 2779 rapidi
604 2701 741 2759 carmine
759 2700 853 2759 vertit
872 2701 951 2778 iter,

169 2780 256 2840 llaec
277 2788 368 2841 cantu
385 2781 538 2862 finditque
559 2782 658 2845 solnm
676 2784 849 2867 Manesque
872 2780 1024 2864 sepulcris
1141 2794 1177 2848 45

211 2862 309 2924 Elicit
330 2872 363 2925 et
384 2866 491 2946 tepido
514 2866 644 2929 devocat
665 2888 733 2928 ossa
753 2887 844 2947 rogo:

169 2949 230 3008 lam
253 2955 343 3009 tenet
361 2950 501 3011 infernas
522 2954 641 3031 magico
664 2952 800 3013 stridore
823 2959 978 3031 catervas,

211 3033 273 3092 lam
294 3034 381 3093 iubet
402 3054 543 3114 aspersas
564 3034 647 3097 lacte
666 3037 791 3097 reiense
813 3035 936 3117 pedem.
1280 3062 1286 3119 q

170 3117 247 3177 Cum
267 3116 362 3195 libet,
381 3119 460 3179 haec
481 3121 565 3180 tristi
588 3119 722 3201 depellit
742 3121 847 3181 nubila
868 3119 973 3180 eaelo:
1285 3130 1286 3155 ¹

212 3202 288 3261 Gurn
310 3198 404 3281 libet,
427 3204 542 3263 aestivo
563 3212 712 3266 convocat
733 3207 808 3265 orbe
831 3206 926 3267 nives.
1142 3218 1180 3268 50
1270 3202 1286 3247 'l

168 3283 243 3345 Sola
262 3291 374 3346 tenere
395 3285 490 3347 malas
511 3287 645 3350 Medeae
668 3288 781 3350 dicitnr
802 3290 931 3367 herbas,
1285 3286 1286 3305 ¹

210 3367 285 3429 Sola
302 3369 389 3431 ieros
411 3372 550 3432 Hecatae
569 3372 783 3454 perdomuisse
804 3392 904 3435 canes.

167 3454 253 3513 Haec
274 3455 350 3514 mihi
368 3458 540 3537 composuit
562 3465 684 3536 cantus,
709 3460 776 3537 quis
796 3458 910 3520 follere
930 3478 1051 3540 possess

211 3538 276 3598 Ter
297 3559 389 3618 cane,
411 3547 462 3602 ter
483 3541 575 3602 dictis
597 3541 714 3624 despue
731 3545 926 3605 carminibus.

166 3618 224 3682 ille
245 3622 324 3723 nihil
345 3626 464 3725 poterit
485 3624 525 3687 de
544 3628 635 3687 nobis
656 3626 788 3688 credere
810 3629 967 3708 cuiqnam,
1140 3640 1177 3691 55

208 3706 278 3766 Non
299 3710 420 3788 s1b1,si
441 3711 474 3770 in
496 3710 584 3773 molli
605 3710 719 3789 qiderit
737 3714 805 3793 ipse
828 3719 907 3774 toro.
