2717 4325
198 398 240 463 88
314 424 319 433 ·
497 393 918 457 PROPERTII-

283 565 405 625 Dicam:
427 563 525 625 Troia
536 561 627 623 cades
639 568 672 623 et
683 563 799 623 Troica
808 562 1072 646 Romareaurgeo,

322 649 364 709 Et
374 649 466 708 mario
478 655 511 708 et
525 653 628 729 terrae
641 646 734 725 longa
744 644 887 726 sepulcra
897 668 1011 711 canam

282 731 352 792 Dixi
363 750 432 810 ego,
445 750 512 791 cum
524 731 661 809 gemino·
672 729 863 811 produceret
873 732 966 792 Arria
975 739 1075 813 nator,

230 823 265 877 00
328 809 407 900 (Illa
418 814 511 875 dabat
520 815 601 881 natio
612 834 696 873 arma
705 820 830 874 vetante
842 809 925 901 deo]

282 900 352 959 Non
362 916 454 980 porse
467 897 505 957 ad
515 899 632 978 patrios
644 917 698 958 oua
708 896 773 978 pila
782 898 906 959 referre
915 900 1065 961 Penates:

323 982 441 1064 Nempe
452 1000 551 1042 meam
561 982 685 1041 firmant
696 1001 777 1042 nuuc
789 981 849 1042 duo
859 984 949 1044 busta
959 984 1062 1049 fidem.

283 1068 403 1148 Quippe
414 1066 584 1146 Lupercus,
595 1067 669 1145 equi
680 1064 751 1125 dum
762 1066 865 1126 oaucla
873 1069 1012 1147 protegit
1022 1089 1087 1147 orn,

322 1152 395 1210 Heu
405 1151 464 1211 eibi
474 1149 619 1230 prolapoo
629 1168 693 1209 non
703 1151 784 1210 bene
796 1151 875 1210 cavit
886 1168 981 1230 equo:

227 1243 261 1298 95
284 1233 390 1295 Gallus
403 1241 444 1312 at,
457 1235 490 1295 in
502 1235 611 1293 castris
623 1232 696 1295 dum
707 1232 827 1295 credita
836 1235 924 1313 rigua
933 1241 1048 1313 tuetur,

323 1318 470 1379 Concidit
482 1323 553 1378 ante
566 1316 687 1398 aquilae
697 1325 800 1379 rostra
811 1325 939 1379 cruenta
950 1337 1031 1380 cuae.

281 1400 405 1463 Fatales
417 1404 517 1485 pueri,
530 1402 589 1463 duo
601 1402 712 1462 funera
722 1402 829 1462 matris
840 1421 958 1481 avarae,

323 1486 418 1564 Vera,
430 1485 487 1546 sed
496 1487 604 1564 invito,
617 1487 748 1564 contiglt
757 1488 818 1547 iota
826 1485 915 1546 ildea.

281 1569 365 1631 ldem
378 1589 446 1648 ego,
458 1590 526 1631 cum
538 1571 669 1630 Cinarae
680 1570 823 1629 traheret
832 1569 949 1630 Lucina
959 1569 1083 1630 dolorea

209 1662 259 1715 100
318 1651 986 1732 1111111111111111111111111111111111,

279 1738 403 1797 lunonis
412 1742 516 1795 votum
526 1736 620 1795 facite
631 1736 829 1817 inpetrabile,
841 1735 919 1797 dixi:

320 1818 378 1879 llla
391 1818 488 1900 parit:
509 1817 600 1879 libris
612 1827 660 1880 est
672 1819 743 1880 data
751 1818 853 1900 palma
863 1822 950 1883 meio.

279 1904 347 1964 Hoc
357 1922 461 1982 neque
472 1904 658 1964 harenosum
667 1905 785 1984 Libyae
795 1904 874 1965 Iovia
885 1902 1020 1985 explicat
1030 1909 1152 1964 antrum

321 1986 384 2047 Aut
397 1988 456 2047 sibi
468 1990 645 2049 commissos
656 1989 735 2048 fibra
745 1987 848 2048 locuta
860 1988 946 2066 deos,

206 2078 256 2131 105
277 2072 340 2131 Aut
351 2074 377 2131 si
390 2072 458 2151 quis
470 2078 568 2131 motas
580 2074 713 2132 cornicis
725 2074 860 2132 senserit
871 2071 946 2150 alae,

319 2155 473 2218 Umbrave
485 2174 563 2234 quae
575 2157 700 2235 magicis
711 2161 832 2216 mortua
840 2156 947 2237 prodit
957 2156 1052 2236 aquia.

279 2236 468 2319 Aspicienda
477 2239 526 2299 via
537 2245 586 2301 eat
597 2239 674 2300 caeli
685 2258 839 2318 verusque
848 2259 907 2321 per
917 2247 999 2300 aetra
1105 2252 1111 2257 “

320 2323 451 2382 Trames
463 2327 496 2381 et
506 2325 543 2382 ab
555 2325 641 2383 nonis
653 2325 789 2404 quinque
800 2323 936 2406 peteuda
945 2322 1034 2383 fides.

281 2406 463 2486 Exemplum
474 2425 565 2484 grave
573 2405 787 2491 eritcalclrao:
801 2426 932 2487 namque
939 2405 1052 2467 Aulide
1058 2404 1149 2466 olvit

204 2501 256 2552 110
316 2489 373 2550 Ille
383 2492 465 2551 bene
476 2490 643 2551 haerentes
654 2490 693 2552 ad
702 2493 754 2570 pia
764 2511 835 2551 aaxa
844 2499 945 2552 rates:

276 2573 361 2634 Idem
372 2576 631 2654 Agamemnoniae
642 2575 761 2636 ferrum
773 2577 893 2636 cervice
904 2572 1028 2654 puellae

318 2658 435 2736 Tinxit,
451 2664 484 2717 ct
495 2658 623 2718 Atrides
633 2658 702 2720 vela
713 2667 841 2718 cruenta
852 2658 955 2719 dedit:

275 2741 341 2801 Nec
351 2741 478 2801 rediere
489 2748 592 2801 tamen
603 2742 714 2802 Danai:
734 2742 999 2803 tudirutafletum

317 2825 481 2904 Supprime
493 2829 526 2882 et
536 2824 692 2885 Euboicos
703 2826 836 2904 respice,
849 2827 956 2902 Troia,
967 2824 1061 2886 rinus.

201 2916 252 2986 115
272 2905 420 2986 Nauplius
432 2905 550 2966 ultores
562 2907 617 2966 sub
627 2914 751 2968 noctem
761 2909 896 2988 porrigit
905 2912 994 2988 igneo

313 2991 355 3051 Et
366 2997 451 3050 natat
461 2991 577 3051 exuviis
590 2991 722 3052 Graecia
731 3011 840 3072 prema
852 2994 924 3054 ruis.

274 3075 383 3138 Victor
395 3073 527 3154 Oiliade,
538 3093 614 3155 rape
623 3095 705 3136 nunc
717 3082 750 3136 et
761 3075 854 3155 dilige
866 3083 976 3156 vatem,

314 3159 411 3234 Quom
421 3164 505 3218 vetat
516 3157 605 3219 avelli
617 3166 705 3219 veste
717 3160 858 3220 Minerva
868 3180 931 3223 aua.

273 3242 431 3303 Hactenus
444 3243 610 3302 historiae:
632 3263 714 3303 nunc
725 3242 827 3310 adtua,
837 3244 973 3306 devellor
983 3249 1083 3304 aetra:

200 3335 251 3387 110
311 3325 416 3406 Incipe
427 3335 462 3386 tu
475 3324 612 3387 lacrimis
625 3345 740 3406 aequus
750 3327 860 3388 adesse
871 3331 968 3390 novio.

271 3409 399 3470 Umbria
410 3416 443 3469 te
453 3411 536 3470 notio
548 3412 673 3488 antiqua
683 3410 851 3472 Penatibus
864 3411 941 3490 edit,

223 3511 232 3522 ²
313 3486 498 3576 (Mentior‘l
520 3494 689 3574 anpatriac
700 3496 837 3573 tangitur
848 3516 903 3557 ora
913 3488 1030 3580 tucci]

272 3576 338 3651 Qua
348 3576 498 3636 nebulosa
509 3597 581 3637 cavo
593 3583 681 3637 rorat
690 3577 832 3638 Mevania
842 3599 961 3660 campo,

310 3660 351 3721 lit
361 3659 446 3720 lacus
458 3661 581 3719 aestivis
592 3661 715 3740 intepet
724 3661 840 3722 Umber
851 3665 949 3742 aquis,
963 3704 966 3710 ,
