2717 4325
235 454 286 525 ’48
540 450 904 515 ΡΒΟΡΕΗΗ

370 621 1060 703 Alternanteroranavaatacharybdiaaqua,
1274 691 1275 694 Ἴ

277 717 312 773 35
332 704 787 789 lpaaqueaideraeruntnullia
798 707 1097 767 obscuratenebriar
1182 721 1223 773 55
1274 703 1275 748 i

372 793 474 853 Purus
485 796 519 851 et
529 791 638 869 Orion,
648 809 746 870 purus
757 795 791 849 et
799 789 927 849 Haedu
938 791 1008 850 erit.
1274 837 1276 882 p

332 876 423 955 Quod
432 876 509 936 milri
519 876 546 935 ai
556 872 701 955 ponenda
710 880 764 934 tuo
775 874 817 933 rit
827 892 960 953 corpore
970 875 1042 952 vita,

372 962 481 1021 Exitu·
491 960 543 1019 hie
554 960 644 1019 nobis
655 978 718 1018 non
728 959 912 1019 inhonestua
926 958 995 1018 erit.

261 1092 316 1190 23
333 1090 380 1187 iit
389 1147 443 1189 vua
453 1130 615 1208 incertam,
627 1124 787 1205 mortales,
796 1126 917 1186 funeris
927 1127 1036 1187 horam
1151 1092 1214 1186 27
1274 1139 1275 1142 ’

376 1212 544 1293 Quaeritis,
558 1218 592 1273 et
603 1231 663 1293 qua
673 1213 715 1271 sit
725 1230 809 1276 ruore
819 1209 941 1270 aditura
950 1212 1009 1288 ria,

333 1297 490 1374 Quaeritis
502 1304 535 1357 et
546 1295 644 1375 caela,
659 1296 850 1356 Phoenicum
858 1296 993 1373 inventa,
1006 1312 1131 1371 serena,

353 1380 439 1457 Quae
451 1381 493 1441 ait
505 1378 597 1442 atella
606 1380 724 1440 homini
734 1377 894 1439 commoda
904 1396 1044 1459 quaeque
1054 1375 1147 1456 maia,

294 1474 311 1526 5
333 1463 396 1525 Seu
412 1463 544 1545 pedibus
554 1465 689 1525 Parthae
700 1465 840 1542 requitur
851 1461 1204 1540 reuelaaaeiiritannor,

373 1548 416 1609 Et
425 1550 519 1609 maria
532 1554 566 1609 et
575 1555 679 1608 terrae
691 1566 783 1608 caeca
792 1545 912 1627 pericia
920 1548 1007 1620 viae3

331 1631 452 1693 Burrus
461 1640 494 1692 et
506 1634 659 1694 obiectum
670 1632 754 1691 detis
765 1632 860 1712 capiti
870 1648 940 1691 erae
949 1628 1125 1708 tumultum,

372 1714 450 1774 cam
461 1716 585 1775 Mavora
600 1714 708 1775 dubias
719 1716 830 1775 miscet
838 1715 995 1794 utrimque
1005 1721 1123 1793 manus,

331 1796 501 1859 Praeterea
512 1796 651 1860 domibus
662 1800 823 1878 flammam,
834 1797 1037 1878 domibusque
1047 1798 1165 1877 ruinas,

279 1888 315 1942 10
375 1881 443 1942 Neu
454 1884 584 1942 subeant
593 1878 692 1944 labris
701 1881 814 1964 poeula
824 1884 913 1961 nigra
921 1883 994 1943 tuis.

332 1963 423 2026 Solus
434 1986 537 2027 amana
547 1968 643 2046 norit,
655 1966 778 2047 quando
787 1968 947 2047 periturus
957 1971 991 2026 ei
1002 1986 1021 2026 a
1031 1985 1091 2046 qua

372 2050 489 2129 Morte,
500 2070 604 2131 neque
613 2048 1203 2130 hieBnreaedabranequearmatimet.
1274 2063 1276 2124 j

331 2134 393 2196 iam
402 2134 481 2197 licet
490 2141 524 2196 et
535 2135 643 2215 Stygia
652 2134 762 2196 redeat
772 2137 828 2197 rub
840 2134 992 2196 arundine
1001 2152 1116 2212 remex,
1274 2134 1276 2145 ¹

372 2220 490 2281 Cernat
500 2226 534 2281 et
542 2221 685 2280 infernae
694 2221 798 2280 tristia
808 2218 878 2280 vela
886 2221 981 2280 ratis:

280 2306 313 2362 15
335 2301 369 2364 Si
380 2302 471 2363 mado
483 2303 658 2364 damnatum
666 2305 861 2364 revocaverit
871 2323 945 2364 aura
954 2301 1087 2385 puellae,

372 2386 560 2447 Ganceaum
570 2386 655 2448 nulla
663 2385 735 2466 lege
746 2386 865 2448 redibit
874 2389 945 2449 iter.

255 2518 313 2612 24
329 2517 483 2635 luppiter,
494 2510 625 2616 affdutae
635 2556 763 2618 tandem
772 2558 924 2617 mirerere
934 2553 1076 2636 paellae:
1146 2515 1204 2615 28

370 2638 448 2699 Tam
457 2640 594 2701 iar-'mora
603 2647 691 2701 tuum
699 2648 821 2701 mortua
831 2640 950 2700 crimen
960 2641 1031 2700 erit.

328 2721 426 2783 Venit
435 2725 517 2782 euim
530 2730 663 2804 tempus,
677 2743 737 2803 quo
748 2721 887 2785 torridus
898 2728 1019 2784 aestuat
1029 2740 1095 2800 aer,

369 2805 481 2882 Incipit
493 2811 526 2863 et
538 2807 620 2866 sicco
631 2808 756 2867 fervere
767 2814 854 2868 terra
865 2807 959 2868 Cane.
1047 2867 1050 2871 .

289 2894 306 2946 5
328 2885 392 2947 Sed
402 2905 465 2946 nan
474 2892 537 2947 tam
549 2887 669 2949 ardoris
681 2888 772 2970 eulpa
782 2898 831 2951 ert
840 2909 943 2970 neque
954 2886 1187 2969 criminandi,

369 2971 465 3047 Quam
478 2973 595 3032 totiena
607 2980 730 3034 nanetus
738 2994 802 3035 non
814 2975 959 3036 habuisse
970 2974 1056 3036 deor.

264 3079 267 3086 ·
326 3053 395 3115 Hoc
405 3055 511 3135 perdit
522 3057 661 3138 miseras,
673 3059 734 3120 hue
742 3058 884 3140 perdidit
894 3066 967 3121 ante
976 3057 1112 3140 puellas:

367 3138 520 3219 Quicquid
530 3143 682 3221 iurarunt,
693 3149 803 3205 ventur
814 3150 848 3204 et
856 3144 940 3206 unda
949 3144 1041 3224 rapit.

325 3219 406 3282 Num
417 3225 476 3284 sibi
487 3223 629 3288 collatam
642 3226 741 3289 doluit
750 3228 858 3291 Venus
868 3230 936 3309 ipra
945 3225 1140 3309 paremque?

271 3313 307 3368 10
367 3307 448 3368 Prae
460 3327 494 3368 se
504 3311 649 3372 sarmasia
661 3312 813 3374 invidiose
824 3312 883 3374 dea
894 3319 952 3374 est.

325 3391 376 3452 An
387 3399 564 3474 contempta
572 3397 631 3456 tibi
642 3397 767 3458 lunnuia
779 3395 895 3479 templa
903 3394 1080 3475 Pelasgae?

251 3523 253 3528 .
365 3475 500 3537 Palladis
514 3483 566 3537 aut
578 3477 685 3541 oeulos
696 3500 767 3542 aura
777 3499 893 3560 negare
904 3479 1027 3542 bonor?

326 3557 467 3640 Semper,
478 3560 643 3641 formosae,
655 3581 719 3623 uon
728 3567 829 3626 nortia
838 3584 970 3646 parcere
981 3563 1096 3624 verbis.

364 3643 433 3702 Hoc
443 3646 502 3704 tibi
511 3643 618 3724 lingua
628 3665 754 3727 nocens,
765 3651 826 3709 hoe
835 3650 894 3710 tibi
906 3649 1008 3710 forma
1018 3646 1116 3708 dedit

271 3731 304 3784 15
327 3722 391 3784 Sed
400 3727 458 3786 tihi
469 3735 596 3791 vexatae
605 3749 666 3810 per
676 3729 774 3793 multa
783 3730 925 3813 pericula
935 3734 1017 3794 vitre
1096 3740 1099 3762 ¹
