2717 4325
379 474 567 538 ulsuu
609 474 766 556 Linus
808 419 909 555 11,ss
1077 477 1117 546 21

245 644 316 706 Sive
326 641 412 705 illum
423 645 496 706 Cois
507 642 681 724 fulgentem
691 644 841 705 incedere
852 646 964 723 coccis,
1099 654 1118 725 ,5

191 739 226 793 1⁰
287 728 357 789 Hoc
367 730 571 790 totumccoo
581 736 668 789 veste
677 727 823 790 volumen
835 730 913 791 erit:
1100 737 1118 791 6

193 819 195 824 '
245 813 309 873 Seu
320 832 389 873 cum
398 820 564 893 poscentes
577 830 716 875 somnum
727 814 867 875 declinet
877 811 1006 891 ocellos,

284 896 409 958 Invenio
424 917 529 959 cousus
541 896 627 959 mille
638 905 732 979 poeta
741 918 852 959 noves:

246 980 308 1042 Seu
319 981 400 1043 nude
411 989 521 1064 erepto
532 1002 653 1044 mecum
661 981 799 1043 luctetur
809 984 932 1059 amictu,

285 1066 367 1127 Tum
377 1086 451 1128 vero
462 1066 571 1146 longus
583 1066 742 1128 condimus
753 1065 881 1127 Iliadas:

193 1156 227 1210 15
248 1150 311 1211 Seu
324 1150 472 1231 quicquid
482 1152 560 1212 fecit
571 1154 635 1211 sire
647 1158 697 1211 est
708 1150 924 1230 quodcumque
933 1149 1049 1231 locutu,

285 1234 419 1297 Monimo
430 1234 470 1295 de
481 1232 580 1295 nihilo
591 1237 729 1295 noscitur
739 1236 878 1295 historic.

246 1317 337 1394 Quod
347 1319 423 1377 mihi
435 1321 600 1397 sitantum,
613 1319 791 1397 Maecenas,
803 1318 868 1380 foto
878 1318 1049 1397 dedissent,

286 1402 331 1463 Ut
340 1420 464 1481 possem
474 1403 586 1462 heroes
599 1403 853 1464 ducereinurmu
863 1423 979 1481 munus,
1059 1400 1064 1411 '

244 1485 274 1545 N
275 1505 315 1545 on
326 1504 383 1564 ego
398 1485 526 1547 Titanus
537 1506 691 1566 canerem,
704 1508 767 1548 non
779 1488 878 1549 Ossan
890 1487 1021 1568 Olympo

190 1580 227 1633 20
288 1570 465 1650 Inpositam,
480 1576 516 1630 nt
526 1572 604 1633 eceli
614 1570 729 1632 Pelion
739 1579 826 1633 eset
834 1575 908 1651 iter,

243 1652 313 1714 Non
323 1658 448 1715 veteres
460 1655 596 1734 Thebas,
608 1675 667 1717 nec
678 1657 828 1737 Pergama
839 1676 951 1718 nomen
962 1656 1103 1735 Homeri,

285 1738 399 1799 Xerxis
412 1745 445 1799 et
454 1740 585 1820 imperio
597 1742 669 1802 bine
681 1744 781 1802 coisse
792 1742 879 1820 vedu,

244 1820 388 1899 Regnare
399 1824 499 1902 primu
508 1824 598 1885 Remi
610 1833 663 1886 out
673 1830 790 1887 animos
802 1826 999 1907 Gurthuglnis
1010 1826 1101 1905 altu,

286 1904 544 1985 Cimbrorumque
554 1910 651 1970 minus
662 1918 696 1970 et
706 1912 871 1972 benefacto
880 1909 978 1971 Mori:

191 1998 226 2051 25
247 1986 398 2068 Belquue
410 2008 524 2069 resque
533 1994 580 2051 tui
590 2012 795 2055 memorarem
805 1994 959 2072 caesaris,
970 2002 1004 2056 et
1014 2001 1048 2054 tu

286 2073 421 2133 caesore
432 2076 488 2134 sub
500 2094 610 2154 mcgno
622 2097 695 2137 curo
705 2077 841 2138 secmrda
850 2078 946 2139 fores.

242 2157 271 2218 N
273 2177 320 2218 om
332 2159 476 2237 quotiens
487 2159 640 2222 Mutinam
652 2169 704 2222 eut
715 2160 818 2224 civilio
828 2165 919 2223 bustu
928 2160 1092 2243 Philippos

283 2243 347 2302 Aut
358 2261 503 2304 cunerem
515 2243 637 2306 Siculae
650 2245 778 2308 classico
788 2244 875 2307 bello
884 2247 989 2324 fugae.

243 2326 441 2405 llversosquc
453 2329 542 2388 focos
553 2332 698 2410 antiquae
709 2333 811 2410 gentis
822 2333 973 2391 Etruscae

189 2419 225 2473 30
285 2412 348 2470 Aut
357 2409 531 2472 Ptolemaei
544 2410 640 2474 litora
651 2423 740 2495 copto
751 2416 858 2493 Phari,

242 2494 307 2556 Aut
323 2512 468 2554 cunerem
485 2497 661 2578 Aegyptum
679 2507 713 2559 et
724 2499 844 2577 Nilum,
867 2519 936 2560 cnm
951 2506 1069 2561 tractus
1085 2500 1119 2560 in

723 2586 834 2644 urbem

284 2661 413 2742 Septem
427 2666 555 2744 captivis
567 2664 682 2726 debilis
692 2667 757 2727 ibat
768 2668 866 2746 cquis,
997 2731 1000 2736 ,
1076 2725 1079 2732 .

242 2747 305 2806 Aut
315 2765 425 2826 regom
436 2750 551 2809 curetis
564 2749 753 2811 circumdate
764 2750 847 2812 collo
859 2752 988 2830 octenis,

282 2831 434 2912 Actiaque
443 2835 477 2892 in
489 2833 583 2894 Sucro
593 2854 723 2896 currere
734 2843 837 2897 rostro
846 2836 916 2914 vie,

188 2922 222 2977 35
246 2914 294 2974 Te
305 2935 374 2976 meo
383 2917 474 2978 Musa
487 2917 550 2978 illis
562 2937 688 3000 semper
698 2927 883 2982 contexeret
893 2922 998 2999 ermis,

280 2998 322 3061 Et
333 3006 454 3083 sumpto
465 3009 498 3062 et
507 3005 610 3083 positu
620 3023 697 3084 poce
707 3002 804 3065 fidele
816 3012 917 3085 ceput,

242 3083 386 3145 Theseus
397 3087 540 3164 infernis,
553 3089 675 3166 superis
687 3094 820 3148 testetur
830 3088 983 3167 Achilles,

214 3207 221 3220 .
282 3168 343 3227 Hic
353 3168 524 3246 Ixioniden,
535 3166 593 3230 ille
604 3170 837 3231 Menoetiaden.
1200 3233 1203 3239 ,

241 3250 304 3310 Sed
316 3269 419 3331 neque
430 3251 622 3331 Phlegraeos
633 3247 713 3314 loiris
722 3253 935 3333 Enceladique
945 3252 1096 3316 tumultus

186 3343 221 3398 40
281 3335 407 3396 Intonet
418 3343 545 3416 angusto
556 3344 687 3418 pectore
698 3336 913 3415 Gellimuchus,

240 3419 306 3480 Nec
317 3438 386 3480 mec
397 3423 584 3482 conveniunt
596 3421 673 3482 duro
685 3422 973 3503 praecordioversu
1067 3498 1070 3504 7
1096 3487 1100 3494 ,

282 3505 425 3565 (laesuris
435 3507 468 3565 in
479 3506 633 3586 Phrygios
645 3507 782 3568 condere
793 3525 907 3568 nomen
918 3523 998 3566 avos.

238 3588 268 3648 N
269 3589 349 3649 ovito
359 3587 399 3650 de
410 3591 522 3668 ventis,
535 3589 574 3652 de
584 3593 683 3652 tauris
693 3598 801 3653 narrat
811 3600 927 3668 erutor,

281 3673 451 3735 Enumerot
460 3673 550 3736 miles
560 3675 699 3755 vulnero,
710 3683 817 3758 postor
828 3694 912 3753 oves,

189 3764 222 3818 45
242 3756 307 3818 Nos
319 3765 427 3820 contro
437 3767 564 3838 angusto
575 3768 736 3823 versantes
746 3761 867 3842 proelis
876 3759 979 3820 lecto:
