2717 4325
362 486 979 569 ttssltRw‚1t,1s,1o,ao‚au.
1073 488 1148 553 -01

274 658 332 719 Est
342 657 400 717 tibi
410 656 510 716 formu
519 661 642 737 potans,
654 660 727 727 suut
737 659 840 714 castae
849 652 987 716 Palladis
997 662 1091 736 artes,

316 738 546 821 splendidaque
559 758 576 798 a
587 738 678 799 docto
688 738 768 798 lama
778 736 918 818 refulget
928 758 994 817 avo,

273 824 445 885 Fortunata
456 823 573 901 domus,
585 822 675 883 modo
688 824 731 882 sit
739 823 798 883 tibi
809 823 888 883 fidus
901 825 1024 885 amicus.

218 916 254 967 10
314 907 410 969 Fidus
422 926 492 968 ero:
513 910 548 967 in
556 912 682 967 nostros
694 925 796 985 curre,
808 905 924 989 puella,
935 914 1031 970 toros.

195 1035 256 1135 20
272 1036 344 1134 Nox
360 1074 436 1133 mibi
452 1077 552 1155 primu
568 1077 670 1135 veuit:
689 1076 808 1155 primae
827 1073 900 1135 date
916 1081 1058 1155 temporo
1074 1094 1148 1137 noc-

757 1158 815 1216 tis:
899 1194 905 1203 ·
1115 1168 1149 1221 13

312 1242 448 1320 Longius
459 1242 492 1301 in
503 1242 615 1320 primo,
628 1240 725 1318 Luna,
739 1258 862 1301 morare
873 1246 960 1300 toro:
1114 1252 1149 1304 14

273 1326 324 1385 'lu
335 1342 470 1404 quoquc,
483 1325 536 1401 qui
548 1326 679 1385 aestivos
691 1324 856 1404 spatiosius
868 1325 965 1402 exigis
977 1326 1076 1403 ignes,
1113 1336 1146 1388 11

291 1409 297 1421 “
313 1408 454 1485 Phoebe,
465 1413 639 1469 moraturae
651 1408 801 1468 contrahe
811 1405 891 1467 lucis
901 1409 974 1469 iter.
1114 1418 1148 1470 12

234 1503 251 1555 5
271 1490 417 1553 Foedera
430 1495 501 1551 suut
511 1491 655 1571 ponenda
665 1494 753 1572 prius
764 1489 974 1570 signandaque
985 1493 1053 1551 iura
1116 1503 1149 1553 15

312 1575 356 1637 Et
367 1572 532 1635 scribenda
543 1576 618 1635 mihi
629 1576 839 1636 lexluamore
850 1594 938 1636 nouo.

270 1659 358 1719 Haeo
369 1660 465 1719 Amor
474 1660 543 1739 ipse
555 1679 610 1721 suo
623 1662 819 1739 constringet
827 1660 957 1739 pignera
969 1660 1073 1739 siguo:

312 1741 870 1805 Testissidereaetotacoronadeae.

243 1826 257 1866 ⁹
272 1827 369 1903 Quam
379 1824 494 1886 multae
505 1834 577 1888 autc
588 1830 666 1888 meis
678 1828 792 1889 cadent
802 1824 996 1890 sermonibus
1009 1829 1116 1906 horae,

216 1920 252 1973 10
310 1907 420 1971 Dulcia
432 1927 521 1987 quam
532 1912 620 1971 nobis
633 1914 769 1971 concitet
780 1932 864 1971 arma
873 1911 996 1974 Venus!
1113 1920 1148 1971 10

271 1993 410 2073 Namque
421 1994 475 2052 ubi
485 2010 547 2052 non
559 1999 646 2053 certo
658 1995 792 2054 vincitur
803 1992 935 2053 foedere
945 1992 1059 2072 lectus,

312 2077 382 2137 Non
393 2078 488 2136 babet
498 2076 616 2137 ultores
628 2096 690 2137 uox
698 2075 853 2155 vigilanda
864 2076 950 2154 deor,

271 2163 313 2223 Et
325 2163 435 2240 qulbus
447 2163 593 2241 inposuit,
609 2160 701 2222 solvit
710 2181 781 2221 mox
791 2158 894 2220 vincla
902 2158 1017 2220 libido:

221 2318 223 2322 y
313 2246 502 2306 eontineant
511 2247 601 2306 nobis
613 2245 715 2305 omina
724 2246 825 2326 prima
835 2244 939 2306 iidem.

220 2339 253 2392 15
273 2330 368 2408 Ergo,
381 2331 434 2408 qui
443 2335 550 2411 pactas
561 2331 594 2389 in
604 2327 737 2390 foedera
745 2331 870 2409 ruperit
880 2347 958 2406 aras,
1112 2337 1146 2389 25

161 2420 164 2426 '
311 2409 528 2492 Pollucritque
538 2431 617 2473 novo
628 2431 717 2472 sacra
726 2415 836 2473 marita
844 2420 927 2490 toro,

145 2549 150 2558 .
272 2494 324 2556 llli
339 2497 401 2556 sint
413 2497 597 2575 quicumque
609 2494 713 2556 solent
725 2498 759 2556 in
770 2515 874 2558 amore
887 2494 1024 2572 dolores,

311 2580 353 2641 lit
364 2583 455 2659 caput
467 2586 592 2658 argutae
602 2581 752 2661 praebeat
762 2581 922 2658 historiae,

271 2662 337 2722 Nec
347 2663 437 2722 flenti
448 2662 588 2724 dominae
598 2665 748 2746 patefiant
758 2671 851 2728 nocte
861 2665 1037 2727 fenestrae:

216 2755 252 2807 20
313 2743 443 2827 semper
454 2753 545 2826 umet,
555 2749 660 2810 fructu
671 2769 795 2832 semper
806 2751 919 2812 amoris
931 2768 1036 2831 egens.
1110 2758 1145 2812 30

196 2879 247 2975 21
268 2876 415 2994 Magnum
425 2917 489 2978 iter
501 2916 540 2977 ad
552 2918 657 2981 doctas
667 2921 825 3001 proticisci
835 2941 931 3000 cogor
942 2923 1091 2997 Athenas,

308 2999 352 3060 Ut
362 3019 411 3060 me
421 2999 515 3079 longa
526 3005 611 3080 gravi
622 3002 722 3063 solvat
732 3024 835 3064 amore
846 3008 904 3067 vic.

270 3078 393 3142 Crescit
404 3085 487 3140 enim
501 3084 623 3141 assidue
634 3085 804 3160 spectando
816 3105 890 3144 cura
901 3085 1041 3164 puellae:

308 3165 377 3244 lpse
389 3161 535 3221 elimenta
545 3164 604 3221 sibi
615 3164 744 3220 maxima
752 3167 884 3240 praebet
895 3185 988 3226 arnor.

233 3259 248 3310 5
271 3248 381 3308 Omnia
392 3251 464 3305 unt
474 3249 624 3323 temptata
633 3243 720 3317 mihi,
731 3262 922 3322 quacumque
931 3248 1032 3325 iugari

311 3331 430 3390 Possit:
453 3333 485 3388 at
496 3344 533 3386 en
545 3327 626 3386 omni
640 3342 689 3385 me
701 3326 816 3404 premit
825 3326 893 3405 ipse
904 3327 989 3392 deus.

68 3471 69 3490 ,
270 3414 330 3476 Vix
340 3421 443 3474 tamen
455 3417 506 3473 aut
517 3408 614 3472 semel
625 3409 770 3489 admittit,
783 3427 850 3470 oum
860 3427 952 3492 saepe
963 3413 1101 3492 negauit:

68 3491 70 3594 1
312 3498 374 3558 Seu
385 3499 481 3575 veuit,
493 3500 631 3556 extremo
643 3495 759 3556 dormit
769 3495 878 3556 amicta
887 3500 967 3555 toro.

271 3583 372 3643 Unum
384 3584 446 3642 erit
457 3579 616 3642 auxilium:
638 3581 762 3642 mutatis
775 3579 908 3659 Cynthia
918 3581 1013 3640 terris

219 3677 254 3730 10
316 3666 469 3742 Quantum
481 3663 588 3746 oculis,
600 3669 700 3728 animo
711 3673 774 3727 tam
783 3662 893 3744 procul
903 3664 961 3724 ibit
971 3683 1064 3726 amor.

271 3751 359 3811 Nunc
371 3752 463 3830 agite,
475 3769 493 3812 o
505 3753 590 3833 socii,
602 3748 773 3834 propellite
782 3750 815 3808 iu
827 3765 961 3827 aequora
970 3769 1088 3830 narem,

71 3874 81 3947 q
231 3836 435 3898 Puorssmus.
918 3842 935 3896 6

68 3073 76 3118 ,⁸
