2717 4325
242 420 285 483 ‘to
540 412 904 477 Pll0llllll'll
979 484 983 487 ,

257 636 311 731 2l
330 634 394 747 Tu,
406 668 459 748 qni
470 673 646 729 consortem
656 684 808 747 properas
819 664 953 725 evadere
964 685 1078 747 casum,

368 752 464 815 Mile
477 754 514 814 ub
525 752 666 812 Etruscis
678 751 799 811 saucius
810 750 984 828 aggeribus,
1134 754 1138 759 '

329 837 411 915 Quid
421 843 529 898 nostro
541 837 658 914 gemitu
669 834 827 913 turgentia
835 832 952 893 lumina
963 835 1117 916 torques!

370 923 448 981 Pars
460 940 518 1001 ego
530 940 597 981 sum
606 925 729 980 vestrae
739 919 879 999 proxima
888 917 1028 983 militiae.

291 1006 571 1082 osicteservato,
582 1011 617 1064 ut
626 1005 748 1085 possint
759 1001 895 1083 gaudere
905 1012 1064 1083 parentes,
1117 1011 1120 1017 '
1159 1006 1168 1015 '

369 1090 435 1151 Nec
447 1110 537 1151 soror
549 1096 616 1149 acta
626 1090 688 1149 tuis
699 1088 814 1148 sentiat
824 1105 842 1146 e
852 1085 999 1149 lacrimis.

330 1173 455 1234 Gallum
465 1193 523 1255 per
534 1173 653 1234 medios
664 1178 807 1253 creptum
818 1172 962 1231 Caesaris
973 1191 1065 1235 enses

369 1260 517 1339 Effugere
528 1260 648 1336 ignotas
658 1275 722 1317 non
731 1256 871 1335 potuisse
882 1276 999 1334 manua,

329 1344 370 1403 Et
382 1360 592 1423 quaecumque
603 1360 698 1421 super
708 1339 851 1420 (llspersa
858 1341 1015 1401 invenerit
1025 1360 1094 1403 osso

275 1437 309 1488 10
369 1428 530 1488 Montibus
541 1427 693 1503 Etruscis,
706 1426 784 1485 baec
795 1425 873 1485 sciat
883 1442 953 1485 esse
964 1444 1041 1488 mea.

617 1533 656 1543 ..-

258 1560 315 1656 22
332 1559 443 1662 llualis
454 1603 488 1655 et
499 1593 581 1654 unde
593 1613 700 1672 genus,
712 1592 926 1671 quisintmibi,
940 1590 1046 1671 Tulle,
1056 1593 1203 1672 Penates,

371 1679 501 1755 Quaeris
512 1696 570 1758 pro
582 1682 690 1737 nostra
700 1694 823 1756 essuper
835 1677 976 1738 amicitia,

330 1763 363 1823 Si
374 1763 526 1822 Perusina
535 1761 594 1821 tibi
604 1761 724 1840 patriae
735 1767 808 1820 suut
818 1767 892 1822 nota
904 1759 1058 1843 sepulcra,

370 1843 477 1907 ltaliae
489 1844 574 1905 duris
585 1844 697 1906 funera
706 1846 910 1925 temporibus,

291 1940 308 1991 5
331 1931 408 1991 Cum
421 1932 557 1991 Romana
567 1948 639 1989 suos
650 1930 716 2008 egit
726 1927 883 1989 discordia
894 1930 983 1990 cives.

370 2007 441 2099 [Sit
452 2016 527 2074 milri
537 2014 706 2094 praecipue
716 2011 817 2094 pulvis
828 2014 961 2076 Etrusca
972 2013 1078 2076 dolor:

330 2098 380 2159 'I'n
390 2101 531 2180 proiecta
541 2099 604 2159 mei
613 2116 765 2179 perpessa
775 2116 809 2157 es
820 2100 959 2158 membra
968 2099 1148 2181 propinqui,

369 2186 420 2245 Tu
430 2183 519 2244 nullo
530 2185 638 2244 miseri
649 2183 789 2262 contegis
801 2181 948 2244 ossasolo
973 2227 983 2263 ,

328 2268 472 2330 Proxima
482 2269 641 2348 supposito
654 2269 837 2345 contingens
847 2266 977 2329 Umbria
987 2289 1093 2351 campo

277 2360 312 2413 10
371 2353 427 2413 Mc
439 2355 547 2432 genuit
556 2353 653 2412 terris
663 2351 779 2412 fertilis
792 2351 949 2416 uberibus.

362 2597 1087 2701 submersuri!

553 2765 893 2848 ELEGIARUM

422 2905 1020 2974 u1ounsuouuous

286 3060 309 3154 l
330 3058 501 3175 Quaeritis,
515 3097 598 3159 unde
609 3101 686 3162 milri
696 3103 813 3164 totiens
825 3103 1000 3163 scribantur
1010 3120 1142 3183 amores,

365 3179 457 3241 Unde
468 3201 554 3244 meus
564 3187 669 3246 veniat
679 3184 997 3249 mollisinoraliber.

325 3265 393 3326 Non
404 3266 482 3328 bueo
493 3266 647 3349 Calliope,
658 3291 721 3330 non
732 3272 808 3331 haec
820 3273 896 3332 mibi
909 3278 1011 3333 cantat
1022 3269 1149 3352 Apollo,

364 3349 524 3430 Ingenium
533 3354 912 3436 nobisipsapuellafacit.

286 3443 304 3494 5
321 3433 397 3495 Sive
407 3434 497 3515 lyrae
507 3456 632 3497 carmen
644 3438 750 3517 digitis
758 3442 915 3521 percussit
924 3442 1062 3521 eburnia,
1186 3450 1207 3505 9

364 3520 526 3596 Miramur,
539 3520 648 3602 faciles
663 3529 698 3582 ut
707 3531 830 3604 premat
840 3532 908 3585 arte
919 3546 1042 3586 manus:
1168 3535 1207 3588 lo

319 3601 384 3662 Seu
394 3603 458 3665 vidi
469 3603 509 3664 ad
519 3605 655 3666 frontem
666 3627 790 3688 sparsos
803 3627 911 3670 errore
924 3609 1064 3691 capillos,
1188 3641 1207 3696 7

363 3687 487 3748 Gaudet
497 3687 630 3750 laudatis
641 3693 689 3753 ire
701 3695 836 3774 superba
847 3695 957 3755 comis:
1184 3710 1206 3764 8
