2717 4325
464 444 657 510 cltum
679 444 811 510 cluit.
829 457 873 513 68
1128 449 1171 513 59

1013 546 1032 583 0

294 616 389 694 Eune,
410 614 561 695 quoditie
580 616 718 695 quisquis
737 616 778 676 de
798 614 927 675 meliore
947 623 1020 676 nutu

252 698 379 778 Frigidu
399 698 524 760 deserto
545 701 696 779 tepeisxit
715 700 852 759 membru
872 698 978 778 cubili,

192 793 229 846 30
291 782 344 861 ld,
363 781 478 858 Manli,
494 800 557 841 uun
578 790 627 842 eut
648 790 757 862 turpe,
778 784 873 861 megin
891 784 1036 843 miserum
1057 790 1115 846 est.

253 868 395 945 ignosces
415 867 526 943 igitur,
546 866 587 942 ui,
611 882 689 945 quue
709 867 785 926 milri
804 865 905 927 luctuu
926 867 1051 945 ademit,

292 950 378 1010 lluec
399 949 457 1008 tibi
477 966 538 1007 non
558 950 661 1008 trlbuo
682 966 826 1028 munere,
846 968 915 1009 curn
935 968 1067 1029 nequeo.

250 1033 338 1109 Num,
353 1030 437 1111 quud
450 1032 634 1111 scriptorum
649 1051 711 1092 uon
727 1050 835 1110 mugnu
850 1040 899 1094 est
913 1036 1002 1113 coplu
1015 1034 1100 1115 upud·
1110 1054 1169 1110 me,

293 1117 361 1175 Hoc
382 1116 434 1192 tlt,
455 1113 538 1194 quud
560 1115 675 1175 Romae
694 1118 838 1176 vivimus:
855 1115 912 1177 ills
932 1117 1057 1194 demus,

198 1208 233 1261 35
254 1195 311 1259 lllu
332 1199 406 1258 milri
429 1197 538 1274 sedes,
560 1198 626 1257 illic
646 1217 715 1258 meu
735 1200 873 1279 curpitur
893 1208 992 1260 setus:

291 1282 360 1342 Huc
381 1299 441 1341 unu
460 1299 498 1342 ex
518 1280 621 1340 mtdtis
641 1280 765 1361 cupsulu
782 1300 832 1341 me
853 1286 1004 1362 sequitur.

252 1364 341 1443 Quod
360 1384 427 1425 cum
449 1366 493 1424 itu
514 1366 572 1441 sit,
594 1363 689 1425 nolim
708 1372 824 1425 stutuus
844 1384 901 1426 nos
917 1374 1022 1427 mente
1036 1366 1170 1446 snuliguu

291 1447 327 1508 ld
347 1448 453 1509 fucere
474 1454 526 1507 snt
547 1449 647 1508 nnlmu
667 1468 730 1508 non
751 1450 825 1509 sutis
846 1450 998 1529 ingenuo,

253 1531 341 1609 Quod
361 1532 419 1591 tibi
439 1549 502 1590 non
519 1531 682 1608 utriusque
701 1534 822 1612 petenti
844 1534 932 1613 ccpiu
952 1534 1034 1594 t'uctu
1055 1541 1120 1595 est:

192 1624 229 1679 to
290 1614 383 1677 Ultro
404 1630 461 1693 ego
483 1613 657 1693 deferrem,
678 1617 767 1696 cepis
788 1618 875 1695 sique
895 1617 989 1678 foret.

574 1821 759 1889 vamb.

252 1933 320 1995 Non
342 1938 465 2015 possum
485 1937 638 2014 reticere,
657 1937 750 2014 dese,
772 1958 832 2017 qus
852 1955 902 1998 me
921 1936 1022 1998 Allius
1043 1939 1075 1997 lu
1097 1955 1132 1998 re

294 2019 408 2079 luserit
429 2024 481 2079 uui
503 2022 625 2097 quantis
644 2022 757 2081 iuverit
778 2021 905 2083 officiis:

252 2100 318 2163 Nec
338 2102 460 2181 lugiens
478 2100 592 2164 saeclis
610 2100 862 2165 obliviscentibus
884 2109 969 2164 setus

292 2184 379 2248 lilius
401 2187 460 2248 lrcc
482 2203 573 2248 cuecu
594 2195 688 2249 nocte
707 2194 793 2268 teget
813 2186 964 2249 studium:

197 2277 232 2330 45
254 2267 317 2330 Sed
338 2268 437 2331 dicum
456 2270 560 2348 subis,
578 2291 632 2332 vos
651 2291 747 2351 perro
767 2271 863 2333 dicite
884 2268 990 2331 multis

292 2352 434 2414 Mllllbun
455 2360 489 2414 et
508 2355 603 2415 facite
623 2357 701 2416 ltuec
723 2356 829 2416 eburis
848 2352 995 2438 loquutur
1014 2371 1090 2414 uuus

291 2519 499 2598 Notescutque
516 2523 611 2598 magis
630 2528 767 2582 mortuus
787 2529 879 2600 utque
900 2521 1012 2598 megin,

250 2603 316 2662 Nec
336 2610 460 2664 tenuem
482 2611 590 2665 tereus
611 2603 751 2666 sublimis
769 2623 881 2666 uruueu
901 2603 994 2664 telum

134 2709 138 2720 ·
198 2694 234 2748 50
295 2685 330 2746 lu
351 2685 476 2748 deserto
499 2687 562 2748 Alli
583 2689 708 2748 nomine
728 2707 805 2769 opus
825 2688 927 2748 luciet.

251 2768 343 2846 Num,
365 2771 440 2830 mihi
462 2791 552 2850 quum
573 2770 698 2832 dederit
717 2771 832 2853 duplex
851 2772 1032 2833 Amutbusle
1053 2790 1167 2846 curum,

294 2853 406 2932 Scitin,
428 2859 460 2914 et
480 2855 513 2913 iu
532 2874 592 2933 quc
615 2873 664 2914 me
686 2857 841 2916 corruerit
863 2873 995 2933 genere,

253 2937 329 2998 Cum
350 2936 631 3002 teutumurderem
653 2946 799 3018 qusntum
818 2936 981 2999 Trinacris
1002 2955 1096 3017 rupes

291 3019 491 3101 Lymphsque
512 3022 545 3082 iu
566 3021 692 3083 Oetnels
712 3021 808 3083 Mulie
830 3019 1069 3101 Thermopylis,

199 3111 233 3164 55
254 3103 374 3164 Mnestu
392 3122 494 3183 neque
513 3104 635 3166 sssidun
657 3108 819 3167 tabescere
840 3103 956 3164 luminu
976 3106 1054 3165 lietu

294 3188 462 3254 Cessnreut
480 3189 626 3267 tristique
647 3190 747 3250 imbre
767 3187 893 3248 medere
914 3206 1021 3266 gente.

254 3268 359 3345 Qualis
379 3271 412 3329 in
435 3272 510 3331 serii
535 3271 701 3351 perlucens
715 3274 839 3333 uertice
859 3273 973 3332 montis

292 3354 389 3415 Risus
405 3373 544 3415 muscoso
563 3355 687 3434 prosilit
707 3375 725 3419 e
744 3355 864 3436 lupide,

252 3435 311 3510 Qui
333 3455 401 3498 cum
422 3437 462 3498 de
482 3457 580 3518 prcus
600 3459 749 3519 praeceps
770 3446 820 3499 est
839 3437 919 3499 velle
939 3436 1076 3516 volutus,

199 3527 235 3580 60
295 3520 357 3580 l’er
377 3521 511 3582 medium
534 3522 623 3582 densi
640 3525 751 3584 trunsit
771 3525 834 3584 iter
852 3520 974 3601 populi,

251 3601 350 3664 Dulce
370 3605 480 3665 victori
497 3603 579 3664 lussc
599 3607 632 3665 in
653 3607 766 3667 sudore
786 3605 943 3680 levamen,

294 3688 371 3748 (ium
392 3689 491 3766 prusis
510 3694 634 3750 exustos
651 3696 754 3750 cestus
771 3685 890 3748 biulcnt
909 3706 1013 3768 agros:
