2717 4325
543 423 688 486 TlBUbLl
709 425 776 486 lrlB.
796 425 816 485 l.
833 437 858 488 2.

196 597 246 658 Tu
267 602 370 656 tamen
392 595 547 655 abstineas
567 591 653 652 aliis:
674 613 745 654 nam
768 601 874 655 cetera
896 601 1005 655 cernet

237 681 361 741 Omnia:
380 677 420 740 de
439 697 490 739 me
510 697 570 738 uuo
592 679 710 738 sentiet
731 681 799 759 ipse
821 677 908 738 nihil.

196 764 277 841 Quid
299 763 448 824 credam?
467 780 580 842 nempe
599 762 677 822 baec
699 762 806 822 eadem
828 781 862 823 se
884 762 960 823 dixit
982 781 1101 824 amores

237 843 386 910 Cantibus
406 852 458 907 aut
476 847 584 908 herbis
605 844 729 908 solvere
750 866 842 928 posse
863 866 966 925 meos,
1164 859 1199 911 60

193 934 243 995 Et·
255 951 305 993 me
324 931 468 992 lustravit
488 930 606 1009 taedis,
628 936 662 991 et
682 938 775 992 nocte
799 950 909 992 serena

236 1015 381 1078 Concidit
402 1015 441 1075 ad
461 1016 595 1094 magicos
617 1015 718 1075 hostia
739 1013 826 1095 pulla
847 1014 931 1076 deos.

192 1101 262 1162 Non
284 1120 342 1180 ego
363 1105 447 1160 totus
469 1101 593 1159 abesset
614 1119 715 1177 amor,
737 1098 793 1159 sed
814 1107 936 1159 mutuus
956 1106 1053 1181 esset,

237 1186 386 1260 Orabam,
407 1203 467 1245 nee
489 1189 522 1243 te
542 1202 635 1263 posse
656 1200 764 1243 carcre
785 1181 887 1242 velim.

192 1270 330 1330 Ferreus
351 1267 407 1329 ille
427 1269 502 1344 luit,
523 1267 591 1347 qui,
612 1271 645 1327 te
668 1286 736 1326 cum
757 1273 863 1347 posset
884 1267 1010 1344 habere,
1164 1278 1198 1332 65
1231 1277 1232 1282 ’

236 1351 387 1414 Maluerit
408 1349 541 1431 praedas
563 1348 676 1411 stultus
699 1358 731 1411 et
752 1371 835 1410 arma
854 1353 951 1431 sequi.

195 1436 253 1497 llle
272 1436 348 1496 lieet
369 1434 502 1496 Cilicum
523 1435 619 1495 victas
641 1442 711 1513 agat
733 1442 805 1495 ante
827 1441 981 1510 catervas,

236 1522 336 1581 Ponat
357 1516 444 1580 etin
468 1526 557 1600 capto
579 1519 696 1580 Martie
719 1526 820 1580 castra
840 1517 923 1595 solo,

195 1606 294 1666 Totus
315 1610 349 1664 et
370 1607 498 1682 argento
520 1609 697 1683 contextus,
718 1609 801 1664 totus
824 1610 857 1664 et
878 1622 968 1681 auro,

235 1687 371 1750 Insideat
392 1686 490 1748 celeri
512 1689 748 1768 conspiciendus
772 1707 868 1767 equo,
1164 1696 1198 1750 70

193 1775 263 1855 lpse
285 1773 379 1833 boves
400 1790 468 1833 mea
489 1774 515 1832 si
535 1779 638 1833 tecum
657 1772 748 1834 modo
774 1770 861 1831 Delia
881 1773 996 1851 possim

236 1858 367 1937 lungere
389 1855 422 1916 et
441 1857 475 1915 iu
495 1856 588 1916 solito
608 1875 738 1937 pascere
761 1863 865 1917 monte
887 1873 998 1936 pecus:

194 1944 235 2001 nt
256 1948 289 2003 te
309 1940 381 2001 dum
401 1939 497 2000 liceat
520 1943 637 2001 teneris
658 1944 797 2002 retinere
818 1940 963 2018 lacertis,

237 2023 345 2085 Mollis
368 2031 401 2084 et
418 2023 535 2084 inculta
556 2026 597 2084 sit
615 2026 690 2085 mibi
712 2044 834 2085 somnus
856 2025 957 2085 humo.

196 2108 277 2187 Quid
299 2108 397 2188 Tyrio
419 2109 570 2169 recubare
592 2115 661 2170 toro
683 2110 750 2170 sine
770 2124 874 2169 amore
892 2106 1026 2167 seeundo
1165 2119 1197 2173 75

237 2191 388 2271 Prodest,
411 2212 479 2253 cum
501 2195 578 2254 fletu
598 2214 659 2254 nox
678 2192 834 2273 vigilanda
855 2192 961 2251 venit?

195 2278 270 2339 Nam
291 2296 393 2356 neque
411 2284 477 2338 tum
497 2275 617 2357 plumae
638 2297 698 2338 nec
719 2275 855 2358 stragula
875 2276 958 2357 picta
977 2293 1118 2356 soporem

237 2362 302 2422 Nec
324 2362 443 2422 sonitus
463 2360 603 2442 placidae
626 2361 742 2423 ducere
762 2367 870 2443 posset
883 2366 998 2439 'aquae

196 2448 274 2507 Num
295 2446 430 2509 Veneris
450 2464 577 2524 magnae
598 2446 709 2508 violavi
731 2448 855 2507 numina
875 2445 988 2522 verbo,

236 2531 278 2592 Et
300 2548 367 2590 mea
387 2548 470 2589 nuuc
490 2548 606 2610 poenas
626 2531 720 2610 impia
737 2528 841 2609 lingua
861 2525 944 2588 luite
1164 2538 1199 2591 80

194 2615 274 2675 Num
295 2614 383 2674 feror
403 2615 540 2675 incestus
561 2612 653 2674 s'edes
674 2611 787 2673 adiisse
806 2612 936 2674 deorum

238 2699 391 2779 Sertaque
413 2696 453 2759 de
472 2699 587 2759 sanctis
606 2695 772 2778 diripuisse
792 2696 894 2757 iocls‘l

196 2783 264 2843 Nou
285 2802 359 2862 ego,
381 2784 408 2843 si
429 2783 544 2859 merui,
564 2780 702 2843 dubitem
718 2783 925 2863 procumbere
947 2781 1072 2861 templis

151 2916 154 2922 .
237 2868 280 2929 Et
300 2867 375 2928 dare
396 2867 523 2928 sacratis
547 2865 650 2927 oscula
669 2866 843 2945 llminibus,

196 2952 263 3013 Non
286 2972 344 3033 ego
363 2950 510 3013 tellurem
531 2952 660 3029 genibus
678 2968 851 3032 perrepere
874 2948 1002 3031 supplex
1165 2958 1199 3009 85

192 3078 196 3088 =
238 3038 280 3097 Et
300 3038 446 3099 miserum
467 3042 573 3096 sancto
596 3033 729 3095 tundere
750 3042 842 3116 poste
865 3041 964 3114 eaput.

79 3198 83 3203 ‚
198 3123 238 3181 nt
259 3128 309 3199 tu,
332 3122 384 3200 qui
403 3118 505 3180 laetus
525 3118 612 3179 rides
633 3117 713 3181 mala
735 3127 859 3197 nostra,
883 3125 989 3179 caveto

239 3205 314 3266 Mox
335 3205 408 3265 tibi:
428 3224 490 3264 uon
510 3223 587 3263 unus
608 3206 725 3265 saeviet
745 3222 844 3284 usque
866 3202 950 3263 deus.

196 3288 270 3350 Vidi
292 3308 368 3368 ego,
390 3290 443 3369 qui
462 3290 606 3350 iuvenum
626 3291 757 3351 miseros
778 3287 907 3351 lusisset
927 3306 1061 3363 amores,

237 3375 314 3433 Post
334 3374 469 3437 Veneris
490 3373 601 3435 vinclis
623 3374 758 3437 subdere
780 3373 860 3443 eolla
882 3392 987 3435 senem
1166 3378 1200 3433 90

195 3458 238 3518 nt
259 3459 318 3519 sibl
340 3455 507 3519 blanditias
527 3458 659 3520 tremula
682 3477 868 3540 componere
888 3476 964 3518 voce

238 3542 282 3605 Et
300 3544 438 3603 manibus
461 3562 551 3603 cauas
571 3544 692 3622 lingere
711 3542 794 3605 velle
815 3561 928 3603 comas:

199 3625 290 3689 Stare
312 3646 371 3689 uec
391 3634 463 3688 aute
484 3628 570 3688 fores
590 3626 701 3709 puduit
723 3646 849 3689 caraeve
871 3621 992 3707 puellae

242 3710 397 3773 Ancillam
418 3711 521 3773 medio
544 3711 816 3809 detinuisaeoforo.
