2717 4325
373 490 376 495 ,
498 452 690 515 LIBER
730 454 914 537 1v‚14‚15.
1143 459 1185 527 77

306 619 402 679 Prota
411 626 613 680 cruentantur
624 621 737 701 Zetho,
749 624 912 703 victorque
923 625 1054 686 canebat

348 704 471 764 Paeona
481 705 636 785 Amphion
646 724 736 786 rupo,
748 707 939 789 Aracynthe,
950 716 1011 771 tuo.

307 789 351 847 nt.
360 794 395 847 tu
406 808 469 849 non
479 790 620 849 meritum
630 810 739 869 porcus
750 808 862 852 venare
873 792 1069 872 Lycinnam.

348 871 456 933 Nescit
465 880 569 933 vestro
579 892 675 935 ruens
687 876 735 935 irs
742 876 868 937 referre
878 874 1002 957 pedem.

251 962 286 1017 45
306 953 425 1017 Fabula
436 956 520 1017 nuile
530 962 599 1017 tuas
610 956 650 1017 de
660 959 751 1019 nobis
763 962 900 1022 concitet
910 980 1015 1023 sures:

348 1040 397 1099 Tc
409 1038 505 1101 solum
516 1047 551 1101 ct
562 1040 657 1119 lignis
667 1042 789 1101 funeris
801 1050 889 1105 ustus
900 1064 1006 1108 omem.

234 1172 288 1266 15
304 1170 377 1269 Nox
393 1176 505 1287 meilis,
525 1210 710 1271 etdominsc
721 1212 796 1271 mihi
807 1211 1103 1293 renitcpistolsno-
1125 1179 1180 1273 iii

787 1302 886 1355 sim:

347 1376 466 1436 'l'ihure
477 1394 527 1436 me
538 1378 630 1439 missu
641 1378 732 1439 iussit
743 1378 852 1440 adesse
863 1399 960 1459 mors,

306 1456 446 1537 candidu
458 1480 518 1541 qua
529 1464 664 1541 geminos
676 1462 846 1523 ostendunt
854 1461 990 1525 'culmino
999 1470 1114 1544 turres,

267 1616 269 1621 Ι
343 1542 479 1617 &cadit
488 1548 521 1606 in
531 1545 654 1627 patulos
664 1544 790 1627 lympha
800 1549 921 1608 Aniena
930 1546 1026 1609 locus.

268 1636 284 1687 5
307 1626 389 1703 Quid
399 1631 532 1691 iscium?
544 1630 687 1692 obductis
699 1632 886 1692 committam
897 1650 989 1692 mene
999 1632 1151 1712 tenebris,

343 1714 387 1775 Ut
400 1716 525 1785 timeam
535 1714 666 1776 audaces
677 1715 711 1774 in
721 1734 791 1775 mes
799 1718 938 1777 membre
948 1717 1078 1777 munus?

304 1799 348 1859 At
357 1800 384 1857 si
396 1796 548 1859 distulero
560 1799 639 1861 hoec
653 1804 762 1859 nostro
774 1800 1053 1879 mundationum,

240 1894 242 1899 ’
344 1879 502 1943 Nocturno
514 1883 606 1942 fletus
619 1884 740 1943 saevior
750 1883 842 1943 hoste
852 1885 939 1947 mihi.

302 1965 469 2025 Pecoarom
479 1963 586 2043 semel,
597 1973 631 2025 et
640 1970 741 2024 totum
751 1984 817 2025 sum
827 1965 1118 2046 pulsusiurnnum:

251 2060 285 2113 10
345 2050 380 2109 Ιιι
390 2054 699 2110 memonsuetasnon
710 2048 997 2112 hubetillamunus.

302 2134 368 2196 Nec
378 2140 482 2196 tamen
492 2139 541 2194 est
553 2134 724 2214 quisquam,
736 2150 839 2194 sacros
852 2134 905 2214 qui
913 2132 1176 2199 luedutomoutes:

343 2219 482 2280 Scironis
497 2217 598 2278 media
611 2218 656 2278 sic
666 2215 745 2277 licet
754 2218 802 2276 irc
812 2219 870 2280 via.

303 2304 449 2383 Quisquis
461 2309 579 2363 ametor
590 2303 662 2380 erit,
674 2301 829 2378 Scythicis
839 2300 917 2361 licet
928 2298 1065 2363 ambulet
1076 2307 1155 2364 oris:

343 2388 441 2447 Nemo
452 2386 541 2464 odeo,
552 2391 587 2446 ut
597 2391 719 2463 noceat,
731 2386 880 2446 burburus
893 2402 963 2445 csse
973 2385 1068 2450 volet.

248 2481 282 2534 15
302 2470 389 2531 Luna
400 2471 557 2531 ministrat
566 2471 639 2548 iter,
652 2467 866 2529 demonstrant
876 2476 959 2531 nstro
969 2468 1116 2550 salebras,

307 2557 313 2566 '
342 2555 411 2635 ipe
422 2553 518 2614 Amor
530 2572 674 2614 accensos
684 2553 823 2633 percutit
832 2559 904 2614 unte
914 2554 1010 2631 foces,

303 2637 400 2699 Saevo
409 2658 517 2700 conum
526 2639 630 2698 rabies
641 2655 761 2697 morsus
772 2639 885 2697 avertit
893 2638 1023 2698 hiantis:

343 2723 425 2784 Huic
437 2725 545 2802 generi
556 2722 662 2803 quovis
673 2727 817 2802 tempore
827 2727 895 2782 tutu
904 2722 954 2805 riq
965 2727 1022 2783 est.
1241 2796 1243 2801 Ι

302 2806 456 2886 Sanguine
467 2814 529 2869 tom
539 2826 633 2888 parvo
646 2807 715 2886 quis
726 2806 810 2866 cuim
822 2812 985 2888 spargatur
996 2808 1124 2868 ementis

245 2900 281 2952 ιο
340 2893 524 2973 improbus?
545 2891 677 2953 exclusis
687 2891 724 2951 iit
734 2910 838 2952 comes
849 2892 1044 2974 ipssVeuus.

300 2976 390 3052 Quod
401 2979 428 3037 si
439 2983 525 3038 certo
536 2995 621 3037 meos
633 2982 842 3054 sequerentur
852 2978 965 3036 funere
978 2994 1076 3053 cesus,

342 3056 430 3120 'l'olis
443 3079 526 3119 mors
537 3061 640 3138 pretio
651 3057 704 3114 vel
715 3059 756 3115 sit
766 3059 898 3117 emendo
908 3059 993 3117 mihi.

299 3140 434 3201 Auferet
443 3137 523 3200 haec
534 3141 691 3216 unguento
701 3137 777 3196 mihi
789 3142 946 3218 sertisque
957 3136 1134 3218 sepulcrum

342 3219 639 3285 0ruobitcusstood
649 3235 719 3276 meo
727 3220 963 3281 Ιιιιιιιιιειίιιιιι.ο
1002 3231 1014 3258 ⁴
1047 3243 1055 3256 ·

245 3318 279 3374 25
292 3311 341 3370 ,ui
351 3309 475 3385 iaciunt,
487 3323 555 3365 mea
565 3320 606 3363 ne
617 3307 705 3360 terra
713 3299 799 3361 locet
809 3320 879 3362 osso
888 3305 1059 3384 frequenti,

341 3394 407 3470 Quo
417 3392 494 3452 fucit
504 3385 627 3449 assiduo
638 3386 763 3445 tramite
773 3384 883 3466 vulgus
892 3390 971 3449 iter:

299 3478 376 3538 Post
386 3481 518 3536 mortem
528 3468 638 3533 tumuli
650 3471 695 3531 sic
706 3470 893 3533 infamantur
905 3477 1073 3532 amantum:

341 3562 396 3622 Me
406 3565 492 3637 tegat
502 3558 633 3618 arborea
645 3555 734 3616 devio
744 3560 831 3617 terra
842 3577 939 3634 como,

300 3647 363 3707 Aut
373 3645 483 3703 humer
492 3643 618 3722 ignotae
628 3638 758 3701 cumulis
768 3639 900 3703 vallatus
913 3659 1042 3703 arenae:

246 3737 281 3792 ³0
340 3724 975 3790 Noniuvstinmedianomenhsberevis.
