2717 4325
468 314 684 420 DlVERSlTAS
699 361 754 418 ΕΙ).
770 361 900 420 LACHlll·
1159 380 1177 421 v

189 533 234 601 lv,
254 537 290 592 13
301 532 373 604 [θεῖε
388 533 505 604 inotpnia
519 532 610 587 sacris
623 529 734 600 DWA,
754 531 790 586 cl.
806 530 826 600 l,
842 536 867 600 b,
884 537 928 592 82.
951 534 1042 588 sacris
1101 531 1180 605 fanis

306 617 342 679 P,
359 617 450 672 socru
500 615 579 672 donis
592 615 624 670 E.

200 701 235 767 V,
272 705 366 758 lmen
389 700 511 756 correxit
531 700 559 754 iu
581 698 760 753 annotatione
779 698 993 768 Lachurannus,
1022 714 1098 758 mens
1115 701 1176 756 libri

305 785 443 855 plerique.

254 873 290 928 34
299 870 380 940 pullu
442 885 516 942 apuu
531 867 593 923 libri
607 866 636 921 h.
653 881 679 920 e.
695 865 822 935 sordida,
840 873 998 939 stagnante,
1006 869 1091 940 pulso
1107 869 1179 924 Itali.

253 959 288 1012 35
302 952 375 1009 Illuc
390 953 516 1020 correxi,
532 952 633 1023 ittaque
646 951 683 1018 P,
698 951 746 1006 illc
761 953 857 1006 ceteri.

254 1042 287 1098 67
305 1038 466 1109 lnterpunxi
487 1041 553 1108 post
567 1033 727 1105 Marpessa
748 1035 834 1101 dcccii,
871 1035 1017 1092 nonenim
1039 1037 1179 1094 vocabula

305 1121 466 1194 Marpesslo
481 1118 634 1192 Herophilo
649 1119 847 1192 coniungenda
865 1135 930 1176 esse
945 1121 1072 1178 arbitror.

253 1210 289 1265 68
300 1212 383 1278 prata
397 1207 471 1278 quod
486 1205 627 1261 admonuit
637 1203 731 1258 PDW
740 1203 780 1272 A,
794 1209 931 1276 prataque
943 1205 1017 1277 quod
1029 1206 1132 1262 monuit
1145 1205 1178 1260 E.

254 1292 297 1348 75.
313 1292 348 1351 76
365 1297 393 1346 et
406 1293 451 1350 77.
463 1292 499 1350 te
513 1288 685 1360 transposui.

253 1376 287 1432 et
302 1373 344 1429 Ac
358 1373 499 1441 PDWA,
515 1375 551 1429 At
564 1372 596 1428 E.

187 1456 235 1525 Vl,
252 1464 286 1518 16
308 1456 428 1515 Scilicet
440 1458 586 1525 revocavi,
601 1457 706 1511 scilicet
716 1455 787 1526 libri,
801 1455 827 1511 st
840 1455 901 1511 licet
911 1457 1008 1528 vulgo.
1026 1451 1178 1526 Cl.1,1‚44.

615 1669 673 1724 Lib.
689 1667 733 1722 lll.

211 1790 232 1859 l,
252 1796 286 1849 21
300 1792 382 1865 torpa
396 1792 463 1862 PE,
476 1792 557 1855 lenna
573 1793 685 1850 DAW.

202 1875 234 1941 ll,
256 1881 289 1934 al
305 1877 370 1932 beleb
384 1876 458 1950 ltali,
473 1880 559 1935 ventis
571 1876 644 1934 libri.

192 1958 236 2027 lll,
273 1958 445 2032 bMultuquc
460 1975 521 2016 cum
532 1961 633 2017 blondo
651 1961 823 2033 transposuit
833 1961 984 2035 Berglrius,
999 1963 1035 2020 cl.
1048 1961 1093 2032 Ill,
1101 1967 1127 2034 6,
1134 1965 1177 2030 46,

306 2045 472 2116 Blandaque
489 2060 553 2100 cum
572 2046 656 2101 multu
672 2045 746 2102 libri.

72 2124 73 2200 l
188 2127 235 2198 IV,
272 2128 382 2188 latebis
396 2128 537 2203 Guyctus,
554 2129 707 2188 uotr'slibri.

252 2220 287 2272 lb
300 2214 556 2287 Interpunctioncm
571 2215 692 2285 mutavi,
709 2215 849 2287 coniunge
864 2214 1002 2272 bominum
1015 2229 1102 2289 penus
1112 2215 1176 2288 plc-

72 2321 73 2372 i
306 2305 380 2355 cunt.

203 2382 239 2450 V,
275 2388 293 2443 3
302 2385 437 2455 proxima
454 2382 621 2457 Scioppius,
637 2385 762 2439 macine
777 2383 850 2440 libri.

274 2469 427 2526 latrorum
442 2466 583 2541 Scaliger,
600 2468 712 2524 deorum
732 2467 804 2522 libri.

190 2549 237 2619 Vl,
273 2554 290 2611 l
306 2551 407 2608 durum
421 2567 504 2608 curce
516 2553 614 2626 penus]
632 2552 764 2609 Fortasse
779 2565 875 2622 curae,
889 2551 990 2609 durum
1004 2564 1100 2624 penus,
1117 2550 1179 2606 Bel·

304 2637 479 2693 lovacensis.

252 2724 286 2779 21
303 2720 431 2779 Convenit
482 2735 593 2779 severos
606 2721 725 2777 coniecit
740 2720 768 2776 in
785 2719 1177 2789 annotationeLachmannus,

305 2821 361 2860 non
377 2808 448 2862 venit
508 2820 621 2863 severus
635 2805 706 2863 libri.

252 2892 287 2947 46
302 2889 416 2946 εονάἱάα
431 2890 509 2960 libri,
522 2890 634 2963 perfido
649 2890 770 2946 coniecit
784 2890 934 2964 Bergkius.

613 3100 672 3155 Lib.
688 3100 734 3156 IV.

208 3222 230 3292 l,
276 3230 290 3281 1
307 3237 350 3280 mc
365 3225 467 3297 vulgo,
485 3240 546 3281 meu
561 3224 640 3293 libri,
655 3240 699 3281 mc
713 3231 740 3281 et
754 3226 873 3281 coniecit
888 3212 1096 3282 Lachmannus.

251 3311 285 3367 91
300 3309 470 3382 celeremque
482 3309 683 3383 Ayrrnannus,
699 3310 847 3367 cetercmoc
863 3310 934 3366 libri.

252 3395 287 3451 94
301 3398 461 3451 convertere
477 3393 610 3464 Crusius,
625 3394 791 3451 contendere
805 3395 876 3452 libri.
1107 3416 1109 3421 v
1258 3432 1266 3481 Ι

237 3480 287 3535 145
302 3477 412 3547 Uncos,
434 3480 533 3550 quibus
551 3478 749 3537 Lachmannus
770 3479 868 3537 Ultima
931 3490 1001 3533 aroc
1019 3476 1178 3545 incluserat,

305 3563 426 3619 removi.
457 3564 507 3619 Est
530 3564 605 3619 enim
622 3570 688 3635 post
702 3565 871 3621 vocabulum
891 3576 943 3618 nec
965 3576 994 3616 v.
1011 3564 1062 3619 144
1077 3560 1178 3615 subau-

308 3645 442 3703 diendum
455 3664 510 3721 pun
527 3654 563 3703 'ex
580 3665 665 3705 versu
685 3652 745 3708 143.
775 3646 885 3703 Phoebo
899 3651 930 3704 ut
943 3648 1015 3701 tenet
1026 3641 1176 3715 Berglrius.
