2717 4325
502 420 872 502 prauumue.
950 358 959 380 ’
1127 423 1170 488 ιι

336 591 455 652 Tantus
465 590 500 649 in
510 595 620 669 erepto
632 589 730 649 ruerit
740 607 844 649 amore
857 586 955 651 dolor.

295 676 339 737 At
348 679 512 755 postquam
523 692 592 734 sera
603 674 723 754 captiva
733 680 784 733 cat
794 672 919 734 reddita
928 692 1040 755 poena,

335 760 465 819 Fortem
475 756 565 819 illum
575 758 755 819 Haemoniis
766 758 906 819 Hectora
916 762 1012 821 traxit
1025 760 1125 840 equis.

295 843 430 905 inferior
440 842 537 904 multo
549 862 617 903 cum
629 844 688 903 rim
696 840 748 905 vel
758 849 857 903 matre
868 842 919 903 vel
931 845 1036 924 aronio,

258 958 261 963 ·
335 928 461 1008 Mirum,
474 930 500 989 ai
512 926 551 989 dc
562 946 612 988 me
622 929 693 988 iure
703 928 874 1008 triumphat
885 928 1005 988 Amori

193 1150 196 1153 .
251 1058 278 1153 9
294 1062 361 1157 late
372 1094 455 1176 quod
468 1102 527 1174 cat,
539 1114 597 1175 ogo
609 1112 703 1174 saepe
713 1095 770 1173 tui,
783 1095 917 1157 redfcrr
927 1098 1005 1158 etiu
1014 1096 1092 1157 hora

334 1182 404 1241 Hoc
417 1182 485 1262 ipso
498 1183 600 1241 eiecto
612 1181 714 1240 carior
724 1178 806 1239 alter
817 1181 888 1240 erit.

174 1262 183 1269 ”
293 1264 455 1345 Penelope
467 1270 592 1343 poterat
601 1264 650 1323 bia
661 1261 759 1323 (leuco
768 1262 852 1325 salva
862 1282 921 1344 par
932 1284 1028 1324 annos

335 1348 464 1424 Vivere,
474 1355 537 1407 tam
548 1345 652 1407 multis
662 1348 778 1407 femina
787 1347 879 1426 digua
889 1348 1005 1428 procia,
1115 1404 1121 1414 ,

257 1439 274 1493 5
297 1432 480 1511 Coniugium
491 1428 569 1491 falsa
578 1436 704 1510 poterat
715 1429 845 1491 differre
856 1432 1010 1509 Minerva,

334 1516 494 1577 Nocturno
510 1513 634 1576 solvens
644 1520 730 1575 texta
741 1515 852 1575 diurna
862 1514 946 1595 dolo,

293 1600 772 1681 Viaoraetquamvianumquam
781 1596 1071 1680 operaretUlixem,

332 1684 425 1746 illum
436 1683 627 1767 expectando
639 1684 722 1744 facta
731 1687 881 1745 remansit
891 1704 976 1745 anuo.

292 1769 358 1831 Nec
369 1790 433 1831 uon
444 1770 613 1831 exanimem
626 1768 816 1849 amplectena
826 1769 946 1829 Briseis
957 1765 1114 1831 Achillem

241 1862 277 1915 10
336 1852 476 1914 Candida
488 1872 599 1913 veona
610 1854 756 1913 verberat
767 1872 822 1913 ora
831 1873 933 1932 manu,

293 1936 335 1997 Et
348 1935 504 1997 dominum
513 1935 590 1996 lavit
600 1953 742 1996 maerens
753 1938 873 2017 captiva
886 1942 1058 2015 cruentum,

336 2020 521 2101 Adpositum
530 2020 934 2097 flavioiuSimoentavadia‚

294 2105 508 2185 Foedavitquc
521 2122 633 2182 comae,
648 2110 682 2164 et
694 2104 774 2164 tanti
784 2121 897 2185 corpur
908 2102 1025 2164 Achilli

334 2191 530 2269 Maximoque
540 2190 574 2248 iu
584 2208 679 2268 parva
691 2187 816 2250 cuntulit
828 2208 898 2250 oasa
907 2207 1009 2266 manu,

236 2281 275 2336 15
297 2275 374 2337 Gom
385 2276 443 2336 tibi
453 2292 512 2334 nec
521 2273 635 2335 Peleus
649 2273 758 2333 aderat
768 2293 828 2335 nco
838 2271 963 2334 caerula
972 2277 1083 2350 mater,

336 2359 446 2439 Scyria
456 2377 515 2418 uec
526 2358 618 2418 viduo
628 2357 789 2418 Deidamia
799 2365 879 2421 toro.

295 2443 386 2504 Tunc
395 2444 491 2522 igitur
501 2443 584 2502 veria
595 2441 748 2519 gaudebat
759 2441 890 2502 Graecia
901 2441 992 2520 natio,

337 2526 426 2587 Tunc
441 2527 534 2587 etiam
544 2522 622 2585 felix
632 2527 718 2585 iuter
728 2530 762 2584 ct
772 2545 856 2585 arma
865 2525 976 2605 pudor.

295 2612 338 2672 At
348 2617 384 2672 tu
394 2630 457 2670 non
467 2630 527 2670 una
537 2610 667 2690 potuiti
677 2615 770 2670 nocte
781 2628 901 2687 vacare,

239 2704 276 2757 ιο
336 2695 441 2775 Impia,
455 2713 518 2754 non
529 2712 622 2754 uuum
633 2692 700 2754 sola
711 2712 837 2754 manere
849 2692 940 2754 diem

295 2780 378 2857 Quin
390 2780 482 2840 etiam
491 2778 587 2839 multo
599 2777 729 2839 duxistis
740 2778 851 2859 poculo
861 2779 941 2838 riou:

332 2865 478 2926 Forritau
490 2869 523 2924 et
534 2861 574 2924 de
586 2881 635 2922 mc
646 2864 742 2924 verba
751 2863 842 2923 fuere
854 2860 942 2924 mala.

294 2949 355 3009 Hic
366 2949 460 3010 etiam
470 2949 600 3029 petitur,
613 2949 666 3028 qui
676 2954 710 3008 te
720 2948 808 3028 priua
821 2954 893 3008 aute
904 2944 1051 3026 reliquit:

334 3033 509 3110 liifaciant,
521 3034 582 3092 isto
594 3038 684 3111 copta
693 3032 800 3091 fruare
811 3031 894 3092 viro!

241 3124 278 3178 25
298 3116 385 3176 Haec
396 3117 473 3176 mihi
481 3122 553 3174 vota
563 3121 647 3173 tuam
657 3120 789 3194 propter
800 3122 945 3196 suscepta
955 3113 1104 3195 odotem,-

338 3198 415 3260 cum
427 3199 527 3278 capite
539 3199 599 3257 hoc
615 3197 741 3275 Stygiae
750 3198 811 3256 iam
822 3205 1008 3278 poterentur
1020 3217 1127 3280 aquae,

295 3283 337 3345 Et
346 3280 464 3342 lectum
475 3284 588 3342 flentes
599 3281 717 3340 circum
728 3287 881 3342 staremus
891 3284 1004 3344 amici?

336 3367 398 3427 Hic
407 3367 461 3427 ubi
470 3373 546 3444 tum,
557 3384 615 3445 pro
628 3363 670 3443 di,
683 3364 814 3445 perfida,
827 3366 933 3444 quisve
945 3368 1030 3427 fuiti

296 3450 379 3527 Quid
389 3452 416 3512 ai
425 3449 611 3532 longinquos
622 3452 781 3511 retinerer
790 3448 882 3511 mileo
893 3451 932 3511 ad
943 3450 1047 3529 ludar,

241 3542 278 3598 ³0
338 3535 402 3596 Aut
412 3555 480 3596 mea
493 3537 520 3596 ai
532 3541 631 3598 staret
640 3536 726 3596 navio
737 3536 771 3595 in
781 3535 931 3596 Oceano?

298 3616 457 3680 servabis
468 3619 560 3682 facile
573 3626 621 3681 est
630 3622 727 3680 verba
737 3626 771 3680 et
781 3638 969 3700 componere
980 3618 1123 3684 fraudem

336 3701 406 3765 Hoc
416 3723 509 3766 uuum
523 3703 633 3766 didicit
643 3704 760 3766 femina
773 3723 898 3786 semper
909 3724 995 3788 opor.
