2717 4325
471 432 833 515 crannum
1073 439 1134 505 1⁰1

258 606 402 684 lienique
415 602 483 681 quis
494 608 602 681 nostro
614 621 740 662 curvum
749 609 782 663 te
792 602 906 663 funere
916 604 1004 682 vidit,

300 690 409 750 Atrum
421 687 489 765 quis
501 684 637 745 lacrimis
648 684 812 746 incaluisse
823 688 949 764 togam?

259 773 293 833 Si
303 772 404 853 piguit
414 775 520 850 portas
532 769 613 829 ultra
624 768 810 848 procedere,
819 776 851 829 at
860 769 938 831 ilinc

197 867 239 920 30
301 856 457 932 lussiaco,
468 852 584 914 lectum
593 850 710 912 lentius
720 853 768 911 ire
779 871 889 913 meum.

259 941 323 1000 Gur
334 944 443 999 ventos
455 954 517 997 non
528 938 596 1015 ipse
608 937 704 1013 rogis,
715 938 849 1015 ingrate,
861 938 991 1018 petisti?

301 1022 364 1083 Gur
374 1019 472 1081 nardo
483 1020 622 1079 flammae
635 1038 698 1079 non
710 1018 819 1079 oluere
829 1022 940 1081 meac?

257 1106 327 1165 iioc
337 1107 431 1165 etiam
442 1122 533 1182 grave
545 1109 623 1180 erat,
634 1101 720 1163 nulla
730 1104 876 1165 mercede
888 1106 1071 1183 hyacinthos

299 1188 419 1249 Inicere
431 1193 465 1247 et
475 1188 574 1247 tracto
587 1189 676 1247 busta
686 1188 774 1267 piare
787 1186 872 1247 cado.

201 1282 238 1335 35
259 1270 433 1351 Lygdamus
443 1280 562 1348 uratur,
574 1268 860 1330 cundescatlamina
871 1288 1002 1331 vernae:

301 1356 391 1415 Sensi
405 1373 473 1433 ego,
486 1374 554 1415 cunr
564 1352 685 1414 insidiis
695 1352 811 1434 pallida
819 1354 890 1412 vine
899 1354 974 1415 bibi.

258 1440 300 1499 At
309 1438 422 1499 Nomas
433 1457 559 1499 arcanas
570 1434 663 1497 tollat
672 1444 797 1497 versuta
807 1434 935 1497 saiivast

298 1522 390 1583 Dicet
401 1522 557 1583 damnata
568 1524 660 1600 ignea
670 1528 753 1579 testa
763 1540 879 1581 manns.

259 1606 343 1681 Quae
355 1605 447 1665 modo
459 1624 517 1686 per
528 1604 607 1665 viles
617 1606 759 1684 inspecte
770 1611 820 1665 est
829 1603 953 1684 publica
963 1610 1083 1683 noctes,

201 1698 239 1751 40
301 1690 387 1749 Haec
397 1708 478 1749 nnnc
490 1698 595 1749 aurata
606 1687 734 1768 cyclade
745 1690 846 1767 signat
854 1689 980 1747 humum

258 1774 299 1832 ut
310 1774 449 1851 graviora
459 1772 606 1853 rependit
616 1773 732 1851 iniqnis
742 1791 839 1852 pense
849 1770 999 1850 quasillis,

299 1854 432 1916 Garrnla
444 1855 483 1915 de
494 1856 574 1915 facie
586 1858 613 1915 si
624 1875 684 1933 qna
693 1854 798 1915 locuta
807 1874 876 1914 mea
888 1861 951 1915 cst:

257 1939 430 2017 Nostraque
444 1938 526 2017 quod
538 1937 647 1999 Petale
657 1938 731 1998 tulit
741 1938 780 1997 ad
790 1939 978 1999 morimonte
989 1958 1128 2018 coronas,

299 2022 426 2083 Codicis
434 2022 573 2083 inmundi
585 2019 708 2082 vincula
718 2023 815 2081 sentit
826 2040 915 2081 unns:

199 2115 235 2168 45
259 2104 407 2168 Caeditur
420 2113 454 2166 et
466 2105 579 2186 Lalage
591 2106 683 2167 tortis
695 2123 843 2185 suspensa
854 2103 986 2184 capillis,

203 2195 206 2199 ’
297 2191 359 2250 Per
370 2209 483 2264 nomen
494 2193 637 2270 qnoniam
649 2195 698 2249 est
708 2210 781 2250 ausa
792 2207 903 2268 rogare
914 2209 1025 2252 menm.

257 2274 304 2333 Tc
314 2276 453 2354 patiente
466 2293 553 2334 meae
565 2275 709 2334 conflavit
718 2275 858 2352 imaginis
869 2293 985 2351 aarum,

297 2357 438 2417 Ardente
449 2375 466 2418 e
478 2363 585 2418 nostro
598 2357 703 2418 dotem
714 2359 857 2418 habitura
867 2377 954 2436 rogo.
982 2361 986 2364 ’

258 2440 326 2499 Non
336 2447 441 2501 tamen
451 2443 599 2519 insector,
614 2443 749 2520 quamvis
759 2459 911 2519 mereare,
924 2442 1087 2523 Properti:

199 2533 236 2585 50
297 2524 403 2604 Longa
413 2543 481 2585 mea
492 2524 624 2586 inlibris
635 2544 731 2603 regna
741 2525 831 2585 fuere
841 2526 912 2584 tuis.

254 2609 325 2668 iuro
337 2627 395 2687 ego
405 2607 553 2668 Fatorum
563 2608 643 2669 nulli
653 2608 828 2669 revolubile
840 2627 974 2684 carmen,

297 2691 564 2771 Tergeminnsque
576 2696 659 2753 canis
671 2694 716 2752 sic
727 2693 802 2752 mihi
812 2690 906 2751 molle
917 2702 1018 2769 sonet,

255 2775 309 2834 Me
321 2794 460 2835 servasse
471 2775 573 2837 iidem.
596 2779 624 2836 si
634 2774 722 2853 fallo,
732 2777 839 2855 vipera
849 2775 965 2834 nostris

295 2857 408 2919 Sibilat
417 2861 451 2918 in
461 2859 586 2921 tumulis
598 2866 631 2920 et
640 2879 734 2939 snper
746 2879 815 2920 ossa
826 2862 927 2920 cubet.

197 2951 234 3002 55
255 2942 332 3002 Nam
343 2944 464 3020 gemina
476 2949 526 3002 est
537 2943 628 3003 sedes
639 2950 763 3023 turpem
774 2945 884 3004 sortita
894 2961 953 3023 per
966 2961 1095 3020 amnem,

296 3026 465 3105 Turbaque
477 3026 599 3087 diversa
610 3028 741 3105 remigat
751 3028 848 3086 omnis
860 3046 946 3106 aqna.

252 3107 322 3170 Una
333 3108 599 3188 Clytaemnestrac
611 3116 751 3191 stuprum
761 3112 855 3185 vehit,
867 3107 966 3168 altera
978 3110 1110 3169 Cressae

292 3193 402 3252 Portat
412 3196 560 3253 mentitae
571 3193 674 3273 lignea
685 3202 821 3253 monstra
831 3193 935 3251 bovis„

252 3277 336 3336 Ecce
348 3284 495 3337 coronato
506 3297 578 3357 pars
590 3275 688 3338 altera
699 3281 787 3336 vecta
796 3272 938 3354 phaselo,

193 3367 233 3422 60
295 3357 418 3420 Mulcet
427 3363 481 3420 ubi
493 3360 616 3440 Elysias
628 3380 701 3420 anna
712 3361 802 3419 beata
812 3378 910 3435 rosas,

254 3444 321 3519 Qua
336 3462 500 3505 numerosa
514 3443 604 3522 tides,
623 3447 744 3524 quotque
755 3460 827 3501 aera
836 3439 970 3501 rotunda
980 3439 1126 3518 Cybebes

293 3527 495 3607 Mitratisquc
507 3533 617 3588 sonant
626 3525 725 3606 Lydia
735 3523 856 3605 plectra
866 3524 978 3583 choris.

251 3609 516 3690 Andromedeque
534 3617 567 3670 et
582 3612 831 3692 Hypermnestre
849 3608 917 3666 sine
934 3605 1044 3666 fraude
1062 3625 1126 3665 ma-

733 3692 814 3752 ritae
