2717 4325
241 459 283 525 lt
538 457 901 522 PROPERTII

365 625 541 706 Osculaque
551 629 702 707 inpressis
713 628 783 688 nixa
793 627 867 690 dedi
878 627 1032 706 gradibus.

322 714 406 773 Ante
415 717 486 772 tuos
498 713 642 791 quotiens
650 712 733 770 verti
744 729 803 790 me,
814 712 943 793 perfida,
953 721 1072 795 postea,

364 792 1007 874 Debitaqneooeultisvotatulimanibus!’
1084 817 1094 830 ·

268 888 303 943 45
323 864 410 940 llaec
419 877 476 940 ille
486 884 521 938 et
530 880 557 938 si
569 896 648 957 qnae
658 879 764 938 miseri
774 881 902 940 novistis
913 888 1050 943 amantes

363 963 406 1024 Et
416 963 573 1022 matutinis
585 964 739 1042 obstrepit
754 961 887 1024 alitibus.

322 1047 376 1107 Sin
385 1065 445 1126 ego
454 1066 537 1107 nune
547 1045 690 1108 dominae
701 1047 783 1106 vitiis
794 1054 827 1108 et
836 1065 959 1128 semper
969 1052 1097 1113 amantis

276 1179 282 1190 .
363 1129 507 1192 Fletibus
518 1137 646 1192 aeterna
655 1129 786 1192 differor
799 1130 922 1194 invidia.

252 1263 305 1360 ll
324 1267 371 1360 Et
380 1302 502 1380 merito,
514 1300 656 1379 quoniam
665 1298 753 1378 potui
764 1298 879 1376 fugisse
889 1297 1040 1378 puellam!
1096 1335 1098 1340 ,

361 1384 450 1444 Nune
459 1402 517 1462 ego
528 1383 668 1443 desertas
679 1380 821 1461 alloquor
832 1381 984 1461 alcyonas.

321 1469 388 1529 Nee
398 1469 473 1528 mihi
485 1468 621 1545 cassope
632 1465 725 1526 solito
736 1467 838 1526 visura
849 1468 984 1527 carinam
995 1475 1054 1548 est,

362 1552 533 1628 Omniaque
543 1551 665 1626 ingrato
675 1547 771 1609 litore
782 1556 852 1609 vote
864 1550 987 1616 cadunt.

231 1702 234 1707 y
285 1641 302 1692 5
322 1634 403 1711 QnIn
415 1634 508 1692 etiam
519 1633 639 1691 absenti
650 1639 781 1710 prosunt
791 1634 859 1712 tibi,
871 1635 1014 1715 Cynthia,
1024 1639 1125 1698 venti:

336 1790 342 1794 ,
363 1715 489 1794 Aspice,
501 1734 590 1793 quam
601 1733 706 1775 saevas
716 1718 858 1796 increpat
869 1737 941 1778 aura
951 1721 1058 1782 minas.

322 1797 457 1862 Nullane
467 1797 608 1878 placatae
619 1801 725 1860 veniet
735 1801 860 1861 fortuna
869 1801 1049 1881 procellae?
1122 1873 1125 1882 ¹

361 1884 500 1944 Haecine
508 1903 602 1964 parra
612 1902 713 1944 meum
724 1884 817 1945 funus
827 1903 920 1946 arena
929 1888 1038 1966 teget?

322 1967 371 2028 Tu
381 1974 485 2029 tamen
496 1969 529 2028 in
540 1966 652 2028 melius
663 1987 768 2029 saevas
780 1975 925 2029 converte
937 1969 1108 2050 querellas:

267 2060 302 2113 lo
362 2052 417 2112 Sat
427 2054 484 2113 tibi
496 2053 538 2112 sit
548 2071 668 2132 poenae
678 2071 739 2112 nox
749 2060 783 2112 et
792 2053 896 2132 iniqua
905 2054 991 2118 vada.

321 2137 370 2197 An
379 2138 500 2218 poteria
510 2138 602 2199 aieeia
612 2137 755 2197 meafata
765 2154 923 2217 opponere
934 2137 1056 2221 ocellis,

361 2222 500 2301 Ossaque
510 2220 595 2285 nulla
604 2228 658 2281 tuo
670 2227 776 2280 nostra
785 2226 896 2281 tenere
910 2224 1002 2284 sinu?

319 2306 369 2365 Ah
380 2311 500 2384 pereat,
516 2306 701 2383 quicumque
712 2311 796 2365 rates
807 2311 841 2365 et
850 2305 919 2366 vela
928 2309 1048 2387 paravit

359 2387 482 2449 Primus
493 2395 527 2449 et
535 2390 633 2449 invito
645 2390 769 2467 gurgite
780 2389 857 2449 iecit
869 2391 939 2451 iter.

267 2483 300 2535 15
319 2473 430 2534 Nonne
440 2473 501 2533 fuit
511 2472 623 2533 melius
634 2473 777 2533 dominae
787 2475 970 2553 pervincere
983 2493 1085 2536 mores
1100 2474 1104 2479 ’

361 2551 526 2642 (Quamvis
538 2557 624 2635 dura,
635 2563 739 2617 tamen
749 2577 819 2617 rura
828 2556 933 2637 puella
943 2553 1035 2645 fuit),

320 2641 417 2718 Quam
427 2642 473 2701 sie
481 2642 597 2719 ignotis
609 2639 795 2701 circumdata
804 2640 898 2701 litora
908 2641 994 2703 silvis

359 2726 500 2785 Cernere
511 2731 544 2784 et
556 2730 678 2804 optatos
691 2742 843 2803 quaerero
855 2724 1073 2805 Tyndaridas?

317 2807 385 2868 illio
397 2809 423 2866 si
435 2826 495 2885 qua
504 2826 605 2872 meum
616 2807 804 2887 sepelissent
814 2810 877 2870 fata
888 2808 1038 2887 dolorem,

263 2900 298 2953 20
358 2888 494 2950 Ultimus
505 2888 650 2971 et'posito
662 2898 761 2951 staret
772 2912 874 2954 amore
885 2894 974 2975 lapis,

318 2974 374 3035 Illa
384 2992 453 3034 meo
466 2994 553 3035 earos
565 2974 711 3035 donasset
720 2976 831 3037 funere
843 2981 955 3056 crines,

359 3056 502 3119 Molliter
512 3066 546 3120 et
555 3066 666 3128 tenera
676 3066 811 3141 poneret
821 3082 890 3123 ossa
900 3081 986 3123 roa:
1043 3088 1048 3094 ·

317 3141 373 3202 llla
382 3161 482 3203 meum
495 3151 633 3205 extremo
645 3142 806 3206 clamasset
815 3144 944 3226 pulvere
955 3162 1078 3223 nomen,

356 3228 400 3288 Ut
409 3229 485 3288 mihi
494 3248 557 3289 uon
567 3228 634 3290 ullo
644 3229 784 3309 pondere
794 3237 879 3291 terra
888 3231 983 3291 foret,

263 3317 298 3374 25
320 3311 436 3390 Atros,
448 3332 622 3393 aequoreae
633 3314 769 3374 formosa
780 3314 896 3375 Doride
909 3321 1009 3393 natue,

360 3396 498 3457 Candida
508 3398 595 3458 felici
605 3396 717 3458 solvite
727 3396 795 3458 vela
807 3400 902 3459 choro
911 3420 930 3465 ε,

317 3479 350 3541 Si
363 3480 484 3559 quondo
495 3488 614 3542 vestras
623 3478 731 3541 labens
742 3483 837 3542 Amor
849 3485 952 3563 attigit
961 3480 1069 3562 undas,

357 3564 530 3625 Mansuetis
538 3567 627 3625 socio
639 3567 759 3644 parcite
770 3565 923 3628 litoribus.

611 3706 808 3717 ——n—-na
