2717 4325
495 422 876 537 'alunnum
1131 458 1174 521 or

251 639 287 693 50
344 628 437 691 Unde
448 624 543 688 hodie
553 627 638 686 vicus
649 626 773 685 nomina
783 624 906 684 Tuscus
915 624 1021 704 habet,

304 713 462 794 Tempore
473 730 532 791 qno
545 711 636 771 sociis
647 711 733 770 veuit
742 708 947 789 Lycomedius
959 709 1052 769 armis

344 798 447 875 Atque
459 796 572 856 Sabina
581 795 643 855 leri
655 794 797 855 contndIt
808 813 893 854 arma
903 792 987 867 Tau.

303 878 375 943 Vidi
388 899 445 959 ego
456 880 598 940 labentes
609 880 692 939 acies
703 886 737 939 et
746 876 811 939 tela
822 878 948 955 caduca,

343 967 446 1043 Atque
457 965 565 1023 hostes
574 964 660 1041 turpi
670 969 760 1043 terga
769 962 894 1025 dedisse
905 962 1006 1041 lagae.

250 1057 284 1110 55
306 1047 369 1109 Sed
378 1049 484 1125 facias,
499 1046 602 1107 divum
614 1052 708 1123 sator,
718 1052 754 1104 nt
763 1047 899 1105 ltomana
908 1064 967 1126 per
977 1063 1085 1106 aevum

343 1132 497 1191 Transeat
508 1136 580 1191 anto
591 1146 676 1189 meos
688 1128 779 1191 turba
789 1133 895 1205 togata
903 1128 1011 1207 pedes.

303 1214 364 1277 Sex
375 1220 524 1294 superant
534 1230 655 1273 versus:
675 1218 719 1289 te,
732 1212 785 1289 qni
796 1210 835 1270 ad
845 1209 1017 1271 vadimonia
1026 1212 1137 1288 curris,

342 1298 411 1358 Non
422 1316 542 1357 moror:
564 1298 642 1357 haec
653 1291 760 1375 spatiis
771 1293 878 1354 ultima
887 1300 970 1354 meta
979 1296 1066 1355 meis.

304 1381 409 1461 Stipes
421 1398 551 1440 acernus
563 1398 656 1457 eram,
666 1380 849 1459 properanti
859 1377 942 1438 falce
954 1375 1086 1457 dolatus,

249 1475 285 1529 60
346 1467 429 1525 Ante
440 1463 567 1525 Numam
579 1470 664 1543 grata
675 1480 794 1545 pauper
802 1463 836 1522 in
847 1464 926 1523 urbe
937 1461 1023 1523 deus.

189 1573 191 1585 =
302 1550 345 1609 At
353 1550 422 1625 tibi,
434 1548 577 1626 Mamuri,
588 1550 707 1608 formae
719 1544 856 1607 caelator
867 1548 995 1623 ahenas,

346 1631 455 1692 'lellus
468 1632 603 1693 artifices
614 1652 654 1693 ne
664 1638 749 1693 terat
760 1632 841 1692 0sca
850 1650 967 1708 manns,

303 1718 361 1793 Qui
372 1736 421 1777 me
433 1723 495 1776 tam
507 1715 617 1778 docilis
628 1717 758 1798 potuisti
768 1716 902 1777 fundere
912 1718 946 1775 in
956 1732 1039 1774 usna.
1067 1763 1074 1771 .

341 1801 443 1862 Unum
456 1820 532 1880 opus
541 1808 601 1879 est,
613 1802 702 1881 operi
715 1818 780 1861 non
790 1800 880 1861 datur
890 1817 968 1859 ιιιιιιι
980 1799 1090 1859 honos.

259 1932 284 2022 3
300 1929 388 2026 llaec
400 1967 554 2027 Arethusa
565 1983 619 2025 sno
631 1966 728 2025 mittit
737 1965 880 2026 mandata
888 1965 1036 2042 Lycotae,

344 2051 422 2111 cum
431 2051 546 2110 totiens
558 2049 649 2125 absis,
661 2049 689 2107 si
698 2055 788 2127 potes
799 2066 869 2109 esse
880 2065 977 2107 meus.

302 2133 336 2195 Si
348 2154 407 2214 qua
417 2140 519 2194 tamen
529 2133 588 2193 tibi
598 2130 720 2192 lecturo
731 2151 804 2212 pars
816 2128 914 2191 oblita
926 2129 1038 2207 deerit,

280 2261 286 2269 -
343 2219 430 2278 Haec
441 2219 502 2277 erit
512 2235 530 2276 e
540 2214 677 2276 lacrimis
688 2217 772 2276 facta
780 2214 876 2276 litura
885 2216 978 2276 meis:

264 2309 281 2362 ⁵
302 2303 365 2363 Aut
376 2303 402 2361 si
415 2322 473 2380 qua
484 2303 605 2361 incerto
617 2298 709 2360 fallet
719 2307 751 2360 te
762 2298 870 2360 littera
880 2303 993 2375 tractu,

344 2384 437 2463 Signa
448 2403 535 2444 meae
547 2383 673 2443 dextrae
684 2385 745 2443 iam
755 2384 917 2444 morientis
930 2386 1031 2442 erunt.

302 2468 350 2528 Te
364 2467 455 2528 modo
466 2466 611 2528 viderunt
619 2468 750 2527 iteratos
761 2468 872 2527 Bactra
881 2471 1049 2545 perarma,

342 2553 391 2612 Te
402 2551 492 2612 modo
505 2552 622 2611 munito
632 2548 765 2611 Noricus
775 2550 874 2610 hostia
886 2567 977 2628 equo,

301 2635 496 2714 Hiber-nique
508 2635 617 2714 Getae,
628 2635 776 2714 pictoque
787 2633 947 2693 Britannia
958 2650 1061 2710 curru,

249 2727 284 2779 10
343 2718 438 2780 Ustns
449 2726 482 2778 et
495 2719 560 2780 an
571 2717 709 2779 discolor
718 2719 812 2779 Indus
823 2738 909 2798 aqna.
927 2753 931 2760 ·

300 2803 427 2864 Haecne
437 2805 546 2865 marita
556 2804 635 2867 fides
647 2809 681 2864 et
690 2810 799 2884 pactae
810 2803 1098 2881 suntmlhinoctes,
1224 2864 1232 2872 ,

342 2889 418 2948 Cum
429 2888 515 2948 rudis
526 2891 650 2969 urgenti
659 2890 787 2949 brachia
796 2890 878 2950 ricta
890 2885 987 2948 dedii

300 2972 384 3048 Qnue
396 2975 471 3033 mihi
483 2972 635 3035 deductae
645 2975 698 3034 fax
708 2993 799 3034 omen
809 2972 971 3053 praetulit,
982 2969 1040 3030 illa

340 3055 450 3113 Traxit
461 3057 497 3112 ab
510 3075 618 3116 everso
629 3056 745 3114 lumina
755 3059 845 3132 nigra
854 3075 942 3132 rogo,

246 3146 281 3200 15
300 3137 343 3200 Et
353 3135 460 3213 Stygio
473 3155 539 3195 sum
550 3156 655 3216 sparsa
664 3136 745 3213 lacn,
755 3155 815 3195 nec
825 3143 913 3194 recta
924 3132 1043 3212 capillis

340 3218 427 3282 Vitta
442 3216 511 3276 data
522 3225 585 3278 est:
606 3219 697 3296 nupsi
706 3236 769 3276 non
780 3219 947 3277 comitante
958 3215 1027 3276 deo.

300 3304 448 3364 Omnibus
460 3302 524 3360 heu
533 3301 633 3380 portis
643 3298 784 3379 pendent
793 3318 862 3359 mea
871 3301 962 3360 noxia
973 3305 1059 3359 vota:

341 3387 472 3448 Texitur
483 3385 560 3444 haec
572 3385 679 3444 castris
693 3390 801 3464 quarta
810 3383 937 3444 lacerna
946 3385 1017 3444 tuis.

301 3470 440 3552 Occidet,
450 3469 596 3530 inmerito
607 3469 659 3547 qui
670 3470 786 3550 carpsit
797 3470 834 3529 ab
846 3469 958 3527 arbore
969 3464 1082 3528 vallum

248 3565 284 3619 20
343 3557 385 3616 no
397 3555 509 3614 struxit
521 3551 664 3631 querulus
675 3573 768 3613 rauca
777 3572 836 3634 per
848 3571 917 3612 orsa
928 3552 1028 3628 tubas,

300 3639 429 3718 Dignior
440 3636 564 3717 obliquo
576 3637 681 3698 funem
694 3637 746 3716 qni
757 3642 902 3716 torqueat
912 3636 1009 3714 Ocno,

341 3725 558 3802 Aetemnsque
569 3727 653 3782 tuam
664 3727 781 3804 pascat,
794 3718 903 3798 aselle,
914 3721 1036 3784 famem.
1166 3729 1170 3737 ¹
