2717 4325
70 3571 76 3799 ι

480 378 670 503 iiiiii
711 434 844 516 V‚1‚s.

201 612 251 667 125
274 602 519 685 Seuudentisque
529 605 613 666 Asisi
624 605 784 682 consurgit
796 606 915 665 vertice
928 624 1043 687 murus,

315 688 426 751 Murus
437 690 474 749 sb
486 689 610 767 iugenio
622 690 726 749 notior
736 686 792 747 ilie
802 696 866 748 tuo.

276 771 414 851 Ossaque
425 771 528 851 legisti
539 792 602 833 non
612 771 666 833 ilis
676 778 779 832 seinte
788 770 923 851 legenda

314 855 416 916 Putris
427 862 459 917 et
469 858 501 916 iu
512 864 623 917 tenues
635 857 758 935 cogeris
769 858 838 938 ipsc
849 856 962 919 Lares:

274 938 349 999 Num
361 946 413 1001 tuo
425 960 492 1001 cum
503 939 593 1000 multi
605 946 768 1000 versarent
777 960 851 1001 rurs
859 942 993 1021 iuvenci,

199 1030 251 1085 130
311 1023 448 1085 Abstulit
459 1022 597 1084 excultus
608 1025 730 1102 pertica
739 1024 839 1083 tristis
851 1044 937 1105 opes.

272 1106 347 1169 Mox
357 1110 411 1169 ubi
421 1106 505 1169 bulis
515 1106 586 1167 rudi
598 1105 732 1165 demisse
743 1112 792 1165 est
803 1126 896 1167 sures
906 1109 1000 1188 coilo,

313 1188 424 1251 Matris
438 1199 470 1251 et
485 1197 556 1250 unte
569 1189 644 1249 deos
654 1188 757 1249 iibere
768 1196 889 1270 sumpts
898 1198 980 1270 iugo,

273 1274 353 1333 Tum
364 1275 422 1333 tibi
432 1293 529 1354 pauco
539 1292 594 1333 suo
607 1273 645 1332 de
658 1274 793 1333 carmine
805 1272 902 1334 dictat
912 1274 1025 1357 Apollo
1045 1283 1050 1290 '

313 1358 355 1417 Et
366 1363 450 1417 vetut
461 1357 569 1417 insano
580 1360 674 1417 verbs
686 1364 797 1417 tonare
807 1358 887 1420 iuro.

197 1450 250 1505 135
271 1441 314 1502 At
324 1446 359 1500 tu
371 1440 454 1519 finge
466 1439 583 1519 elegos,
594 1439 690 1501 isils'x
702 1460 789 1521 opus,
801 1441 878 1502 hoec
888 1448 941 1503 tus
952 1450 1062 1524 csstrn,

314 1523 437 1585 Scribat
446 1532 482 1585 ut
495 1525 636 1605 exemplo
649 1530 756 1585 cetero
766 1527 858 1586 turbs
868 1532 931 1591 tuo.

273 1606 418 1669 Militiam
429 1610 563 1671 Veneris
573 1609 695 1671 blandis
705 1609 827 1689 psiiere
838 1612 894 1670 sub
906 1612 999 1671 ermis

311 1691 353 1752 lit
364 1693 497 1754 Veneris
508 1694 614 1773 pueris
626 1691 715 1754 utilis
726 1692 824 1753 hostis
837 1697 909 1755 eris.

270 1774 346 1835 Num
356 1777 414 1836 tibi
424 1778 568 1837 victrices
580 1796 786 1855 quoscumque
795 1776 905 1840 lsbore
915 1781 1042 1860 parasii,

198 1866 250 1921 140
310 1857 831 1940 Eludetpuimosuuupuellstuus:

269 1942 313 2004 Et
321 1943 403 2003 bene
416 1961 483 2002 curn
493 1943 585 2002 iixum
597 1948 701 2001 mento
715 1941 898 2004 discusseris
908 1964 1030 2023 nucum,

312 2026 364 2086 Nil
375 2027 436 2085 erit
447 2027 516 2102 hoc,
528 2030 631 2084 rostro
644 2031 676 2083 te
688 2030 811 2103 premet
822 2046 895 2086 suss
905 2047 969 2087 suo.

270 2106 358 2171 llliu
369 2110 497 2170 urbiirio
508 2114 634 2170 noctem
642 2107 807 2188 lucemque
818 2108 953 2170 videbis:

312 2195 407 2255 Gutta
419 2212 541 2274 quoque
553 2211 591 2254 en
603 2191 702 2253 oculis
714 2210 777 2252 non
786 2193 846 2252 uisi
857 2195 940 2253 iussu
952 2194 1052 2257 cedei.

197 2285 248 2340 145
269 2278 334 2339 Nec
346 2278 430 2339 miiie
443 2278 589 2338 excubiae
603 2294 662 2337 nec
673 2282 706 2335 te
718 2277 836 2354 signatu
846 2278 992 2338 iuvabunt

310 2363 445 2422 Limina:
466 2378 632 2440 persuasae
644 2358 758 2419 fellere
770 2360 848 2420 rimu
858 2367 905 2420 snt
916 2367 974 2422 est.

270 2446 359 2506 Nunc
370 2452 422 2505 tna
432 2442 483 2504 uel
492 2443 603 2504 mediis
613 2445 727 2523 puppis
738 2442 874 2503 luctetur
884 2445 918 2503 iu
931 2443 1032 2523 nudis,

313 2527 372 2591 Vel
382 2525 460 2586 iicet
471 2528 705 2588 armatis'hostis
715 2528 844 2586 inermis
855 2545 918 2606 eus,

272 2609 334 2674 Vcl
345 2611 527 2670 tremefacto
539 2630 611 2670 curo
622 2608 720 2674 tellus
731 2609 857 2671 diducet
868 2611 995 2690 histum,

195 2703 249 2757 150
312 2692 471 2775 Octipedis
484 2695 596 2755 Guucri
607 2700 698 2773 terga
711 2695 837 2755 sinistro
847 2696 945 2757 time?

227 2827 255 2920 2
272 2823 357 2928 (inin
365 2864 478 2924 mirare
490 2884 573 2926 mess
583 2872 632 2926 toi
642 2866 675 2925 iu
686 2885 748 2927 uuo
761 2884 894 2945 corpore
904 2866 1043 2928 forinus?

310 2946 425 3026 Accipe
437 2948 599 3011 Vertumni
611 2951 698 3029 signs
707 2955 839 3030 paterne
850 2949 912 3011 dei.

271 3028 389 3088 Tuscus
402 3048 459 3104 ego
472 3037 505 3089 et
516 3031 627 3091 Tuscis
639 3036 735 3107 orior,
746 3049 807 3090 nec
819 3033 961 3109 poenitet
970 3033 1054 3090 inter

309 3107 437 3171 Proelia
447 3109 605 3171 Volsinios
617 3111 794 3171 deseruisse
808 3113 904 3170 focos.

232 3205 249 3256 5
270 3195 357 3256 Haec
368 3210 417 3252 me
427 3192 519 3249 turbu
529 3194 621 3267 iuret,
635 3209 694 3250 uec
705 3191 822 3270 templo
833 3191 935 3250 luctor
945 3194 1080 3253 eburno:

311 3279 479 3338 Romanum
491 3277 564 3334 sotis
576 3278 625 3332 est
633 3291 727 3353 posse
738 3272 847 3332 uidere
857 3273 968 3332 iorum.

270 3363 336 3422 Hoc
349 3358 502 3440 quondum
514 3357 682 3417 Tiberinus
692 3357 755 3417 iter
766 3356 910 3434 faciebat,
923 3363 957 3416 et
967 3359 1053 3416 siunt

311 3445 476 3505 Remorum
489 3439 607 3502 auditos
618 3459 677 3520 per
687 3440 764 3502 vodo
773 3437 864 3520 pulsu
874 3459 982 3500 sonos:

271 3530 313 3589 nt
323 3535 484 3609 postquam
494 3523 550 3584 iile
563 3526 625 3585 suis
636 3532 756 3586 iunium
767 3525 922 3584 concessit
932 3523 1071 3606 alumnis,
1111 3581 1117 3592 ,

216 3623 250 3675 10
312 3614 499 3675 Vertumnus
509 3627 599 3670 uerso
612 3608 700 3670 dicor
711 3613 748 3671 sb
761 3626 849 3668 smne
860 3605 945 3669 deus.

272 3695 343 3774 Seu,
356 3697 427 3776 quis
437 3694 588 3755 vertentis
598 3693 734 3754 fructum
744 3693 958 3774 praecepimus
969 3693 1053 3773 suni,
