<?xml version="1.0" encoding="UTF-8"?>
<!DOCTYPE html PUBLIC "-//W3C//DTD XHTML 1.0 Transitional//EN"
    "http://www.w3.org/TR/xhtml1/DTD/xhtml1-transitional.dtd">
<html xmlns="http://www.w3.org/1999/xhtml" xml:lang="en" lang="en">
 <head>
  <title>
</title>
<meta http-equiv="Content-Type" content="text/html;charset=utf-8" />
  <meta name='ocr-system' content='tesseract 3.04.00' />
  <meta name='ocr-capabilities' content='ocr_page ocr_carea ocr_par ocr_line ocrx_word'/>
</head>
<body>
  <div class='ocr_page' id='page_1' title='image "./qvaleriicatulli00rossgoog_0278.png"; bbox 0 0 2717 4325; ppageno 0'>
   <div class='ocr_carea' id='block_1_1' title="bbox 218 432 881 508">
    <p class='ocr_par' dir='ltr' id='par_1_1' title="bbox 218 432 881 508">
     <span class='ocr_line' id='line_1_1' title="bbox 218 432 881 508; baseline -0.015 -1"><span class='ocrx_word' id='word_1_1' title='bbox 218 439 280 508; x_wconf 84' lang='lat'><strong>108</strong></span> <span class='ocrx_word' id='word_1_2' title='bbox 516 432 881 501; x_wconf 15' lang='lat' dir='ltr'><strong>incolumi!</strong></span> 
     </span>
    </p>
   </div>
   <div class='ocr_carea' id='block_1_2' title="bbox 246 602 1112 2103">
    <p class='ocr_par' dir='ltr' id='par_1_2' title="bbox 246 602 1112 2103">
     <span class='ocr_line' id='line_1_2' title="bbox 302 602 1035 686; baseline -0.004 -19"><span class='ocrx_word' id='word_1_3' title='bbox 302 608 400 667; x_wconf 83' lang='lat' dir='ltr'><strong>Forte</strong></span> <span class='ocrx_word' id='word_1_4' title='bbox 412 624 506 685; x_wconf 82' lang='lat' dir='ltr'><strong>nuper</strong></span> <span class='ocrx_word' id='word_1_5' title='bbox 516 610 626 686; x_wconf 85' lang='lat' dir='ltr'><strong>portae</strong></span> <span class='ocrx_word' id='word_1_6' title='bbox 638 603 700 665; x_wconf 83' lang='lat' dir='ltr'><strong>dux</strong></span> <span class='ocrx_word' id='word_1_7' title='bbox 711 604 808 667; x_wconf 75' lang='lat' dir='ltr'><strong>Veios</strong></span> <span class='ocrx_word' id='word_1_8' title='bbox 820 602 919 663; x_wconf 73' lang='lat' dir='ltr'><strong>astitit</strong></span> <span class='ocrx_word' id='word_1_9' title='bbox 930 621 1035 668; x_wconf 84' lang='lat' dir='ltr'><strong>arcem</strong></span> 
     </span>
     <span class='ocr_line' id='line_1_3' title="bbox 345 686 1039 767; baseline 0.001 -18"><span class='ocrx_word' id='word_1_10' title='bbox 345 688 605 767; x_wconf 77' lang='lat' dir='ltr'><strong>colloquiumque</strong></span> <span class='ocrx_word' id='word_1_11' title='bbox 618 708 673 747; x_wconf 83' lang='grc' dir='ltr'><strong>ιιιιι</strong></span> <span class='ocrx_word' id='word_1_12' title='bbox 682 688 783 747; x_wconf 75' lang='lat' dir='ltr'><strong>fretus</strong></span> <span class='ocrx_word' id='word_1_13' title='bbox 795 688 832 746; x_wconf 86' lang='lat' dir='ltr'><strong>ab</strong></span> <span class='ocrx_word' id='word_1_14' title='bbox 843 688 922 746; x_wconf 89' lang='lat' dir='ltr'><strong>urbe</strong></span> <span class='ocrx_word' id='word_1_15' title='bbox 934 686 1039 749; x_wconf 81' lang='lat' dir='ltr'><strong>dedit:</strong></span> 
     </span>
     <span class='ocr_line' id='line_1_4' title="bbox 303 767 1055 852; baseline 0.003 -20"><span class='ocrx_word' id='word_1_16' title='bbox 303 773 444 852; x_wconf 87' lang='lat' dir='ltr'><strong>Dumque</strong></span> <span class='ocrx_word' id='word_1_17' title='bbox 458 773 539 832; x_wconf 77' lang='lat' dir='ltr'><strong>aries</strong></span> <span class='ocrx_word' id='word_1_18' title='bbox 552 790 671 831; x_wconf 85' lang='lat' dir='ltr'><strong>murum</strong></span> <span class='ocrx_word' id='word_1_19' title='bbox 681 790 778 830; x_wconf 85' lang='lat' dir='ltr'><strong>corun</strong></span> <span class='ocrx_word' id='word_1_20' title='bbox 788 767 932 849; x_wconf 77' lang='lat' dir='ltr'><strong>pulsabat</strong></span> <span class='ocrx_word' id='word_1_21' title='bbox 944 773 1055 852; x_wconf 85' lang='lat' dir='ltr'><strong>aheno,</strong></span> 
     </span>
     <span class='ocr_line' id='line_1_5' title="bbox 344 854 990 935; baseline -0.005 -19"><span class='ocrx_word' id='word_1_22' title='bbox 344 856 444 918; x_wconf 81' lang='lat' dir='ltr'><strong>Vinea</strong></span> <span class='ocrx_word' id='word_1_23' title='bbox 456 875 516 934; x_wconf 86' lang='lat' dir='ltr'><strong>qua</strong></span> <span class='ocrx_word' id='word_1_24' title='bbox 528 854 651 915; x_wconf 87' lang='lat' dir='ltr'><strong>ductum</strong></span> <span class='ocrx_word' id='word_1_25' title='bbox 661 854 754 931; x_wconf 82' lang='lat' dir='ltr'><strong>longo</strong></span> <span class='ocrx_word' id='word_1_26' title='bbox 764 855 892 931; x_wconf 82' lang='lat' dir='ltr'><strong>tegebat</strong></span> <span class='ocrx_word' id='word_1_27' title='bbox 903 873 990 935; x_wconf 81' lang='lat' dir='ltr'><strong>opus,</strong></span> 
     </span>
     <span class='ocr_line' id='line_1_6' title="bbox 248 936 1037 1017; baseline -0.004 -17"><span class='ocrx_word' id='word_1_28' title='bbox 248 948 282 1001; x_wconf 76' lang='lat'><strong>35</strong></span> <span class='ocrx_word' id='word_1_29' title='bbox 305 940 419 999; x_wconf 78' lang='lat' dir='ltr'><strong>Cossus</strong></span> <span class='ocrx_word' id='word_1_30' title='bbox 431 940 474 998; x_wconf 87' lang='lat' dir='ltr'><strong>ait</strong></span> <span class='ocrx_word' id='word_1_31' title='bbox 486 939 574 999; x_wconf 75' lang='lat' dir='ltr'><strong>‘forti</strong></span> <span class='ocrx_word' id='word_1_32' title='bbox 585 936 695 997; x_wconf 75' lang='lat' dir='ltr'><strong>melius</strong></span> <span class='ocrx_word' id='word_1_33' title='bbox 706 954 895 996; x_wconf 87' lang='lat' dir='ltr'><strong>concurrere</strong></span> <span class='ocrx_word' id='word_1_34' title='bbox 907 940 1037 1017; x_wconf 65' lang='lat' dir='ltr'><strong>campo!</strong></span> 
     </span>
     <span class='ocr_line' id='line_1_7' title="bbox 342 1019 1054 1101; baseline 0.003 -20"><span class='ocrx_word' id='word_1_35' title='bbox 342 1022 408 1082; x_wconf 87' lang='lat' dir='ltr'><strong>Nec</strong></span> <span class='ocrx_word' id='word_1_36' title='bbox 422 1040 508 1081; x_wconf 87' lang='lat' dir='ltr'><strong>mora</strong></span> <span class='ocrx_word' id='word_1_37' title='bbox 518 1022 564 1099; x_wconf 89' lang='lat' dir='ltr'><strong>fit,</strong></span> <span class='ocrx_word' id='word_1_38' title='bbox 574 1019 669 1101; x_wconf 85' lang='lat' dir='ltr'><strong>plano</strong></span> <span class='ocrx_word' id='word_1_39' title='bbox 680 1021 763 1079; x_wconf 81' lang='lat' dir='ltr'><strong>aiatit</strong></span> <span class='ocrx_word' id='word_1_40' title='bbox 772 1027 906 1099; x_wconf 83' lang='lat' dir='ltr'><strong>uterque</strong></span> <span class='ocrx_word' id='word_1_41' title='bbox 917 1019 1054 1097; x_wconf 79' lang='lat' dir='ltr'><strong>gradum</strong></span> 
     </span>
     <span class='ocr_line' id='line_1_8' title="bbox 300 1102 997 1182; baseline -0.003 -17"><span class='ocrx_word' id='word_1_42' title='bbox 300 1106 339 1165; x_wconf 86' lang='lat' dir='ltr'><strong>Di</strong></span> <span class='ocrx_word' id='word_1_43' title='bbox 350 1105 454 1165; x_wconf 78' lang='lat' dir='ltr'><strong>Latias</strong></span> <span class='ocrx_word' id='word_1_44' title='bbox 465 1107 572 1164; x_wconf 87' lang='lat' dir='ltr'><strong>iuvere</strong></span> <span class='ocrx_word' id='word_1_45' title='bbox 584 1122 701 1182; x_wconf 79' lang='lat' dir='ltr'><strong>manua,</strong></span> <span class='ocrx_word' id='word_1_46' title='bbox 712 1103 840 1164; x_wconf 81' lang='lat' dir='ltr'><strong>desecta</strong></span> <span class='ocrx_word' id='word_1_47' title='bbox 851 1102 997 1163; x_wconf 81' lang='lat' dir='ltr'><strong>Tolumni</strong></span> 
     </span>
     <span class='ocr_line' id='line_1_9' title="bbox 344 1186 982 1266; baseline -0.002 -17"><span class='ocrx_word' id='word_1_48' title='bbox 344 1188 457 1249; x_wconf 78' lang='lat' dir='ltr'><strong>Gemix</strong></span> <span class='ocrx_word' id='word_1_49' title='bbox 466 1186 982 1266; x_wconf 74' lang='lat' dir='ltr'><strong>Romanoanangumeluvitequoe.</strong></span> 
     </span>
     <span class='ocr_line' id='line_1_10' title="bbox 302 1270 1001 1349; baseline -0.007 -15"><span class='ocrx_word' id='word_1_50' title='bbox 302 1270 451 1334; x_wconf 78' lang='lat' dir='ltr'><strong>Claudius</strong></span> <span class='ocrx_word' id='word_1_51' title='bbox 463 1270 600 1331; x_wconf 80' lang='lat' dir='ltr'><strong>oRheno</strong></span> <span class='ocrx_word' id='word_1_52' title='bbox 613 1272 762 1332; x_wconf 79' lang='lat' dir='ltr'><strong>traiectos</strong></span> <span class='ocrx_word' id='word_1_53' title='bbox 774 1272 874 1330; x_wconf 78' lang='lat' dir='ltr'><strong>arcuit</strong></span> <span class='ocrx_word' id='word_1_54' title='bbox 883 1271 1001 1349; x_wconf 74' lang='lat' dir='ltr'><strong>hostes,</strong></span> 
     </span>
     <span class='ocr_line' id='line_1_11' title="bbox 246 1353 960 1435; baseline -0.006 -18"><span class='ocrx_word' id='word_1_55' title='bbox 246 1364 282 1418; x_wconf 76' lang='lat' dir='ltr'><strong>lo</strong></span> <span class='ocrx_word' id='word_1_56' title='bbox 342 1353 469 1434; x_wconf 83' lang='lat' dir='ltr'><strong>Belgica</strong></span> <span class='ocrx_word' id='word_1_57' title='bbox 480 1374 548 1415; x_wconf 89' lang='lat' dir='ltr'><strong>cnm</strong></span> <span class='ocrx_word' id='word_1_58' title='bbox 558 1356 635 1415; x_wconf 82' lang='lat' dir='ltr'><strong>vaati</strong></span> <span class='ocrx_word' id='word_1_59' title='bbox 646 1374 752 1435; x_wconf 86' lang='lat' dir='ltr'><strong>parma</strong></span> <span class='ocrx_word' id='word_1_60' title='bbox 762 1353 861 1414; x_wconf 83' lang='lat' dir='ltr'><strong>relata</strong></span> <span class='ocrx_word' id='word_1_61' title='bbox 873 1353 960 1414; x_wconf 69' lang='lat' dir='ltr'><strong>(lucio</strong></span> 
     </span>
     <span class='ocr_line' id='line_1_12' title="bbox 300 1436 1076 1517; baseline -0.008 -16"><span class='ocrx_word' id='word_1_62' title='bbox 300 1439 488 1503; x_wconf 84' lang='lat' dir='ltr'><strong>Virdomari.</strong></span> <span class='ocrx_word' id='word_1_63' title='bbox 510 1458 606 1517; x_wconf 82' lang='lat' dir='ltr'><strong>genno</strong></span> <span class='ocrx_word' id='word_1_64' title='bbox 616 1440 668 1498; x_wconf 87' lang='lat' dir='ltr'><strong>hic</strong></span> <span class='ocrx_word' id='word_1_65' title='bbox 677 1438 788 1497; x_wconf 85' lang='lat' dir='ltr'><strong>Rheno</strong></span> <span class='ocrx_word' id='word_1_66' title='bbox 800 1437 935 1497; x_wconf 85' lang='lat' dir='ltr'><strong>iactabat</strong></span> <span class='ocrx_word' id='word_1_67' title='bbox 947 1436 984 1496; x_wconf 81' lang='lat' dir='ltr'><strong>ab</strong></span> <span class='ocrx_word' id='word_1_68' title='bbox 996 1436 1076 1517; x_wconf 84' lang='lat' dir='ltr'><strong>ipno,</strong></span> 
     </span>
     <span class='ocr_line' id='line_1_13' title="bbox 342 1520 922 1599; baseline 0.002 -16"><span class='ocrx_word' id='word_1_69' title='bbox 342 1522 465 1584; x_wconf 75' lang='lat' dir='ltr'><strong>Nobilis</strong></span> <span class='ocrx_word' id='word_1_70' title='bbox 476 1525 591 1583; x_wconf 78' lang='lat' dir='ltr'><strong>erectio</strong></span> <span class='ocrx_word' id='word_1_71' title='bbox 602 1520 738 1582; x_wconf 86' lang='lat' dir='ltr'><strong>fundere</strong></span> <span class='ocrx_word' id='word_1_72' title='bbox 750 1540 823 1599; x_wconf 83' lang='lat' dir='ltr'><strong>gena</strong></span> <span class='ocrx_word' id='word_1_73' title='bbox 833 1521 922 1584; x_wconf 81' lang='lat' dir='ltr'><strong>rotis.</strong></span> 
     </span>
     <span class='ocr_line' id='line_1_14' title="bbox 300 1605 971 1684; baseline -0.006 -17"><span class='ocrx_word' id='word_1_74' title='bbox 300 1606 350 1667; x_wconf 93' lang='lat' dir='ltr'><strong>llli</strong></span> <span class='ocrx_word' id='word_1_75' title='bbox 359 1606 486 1684; x_wconf 75' lang='lat' dir='ltr'><strong>virgatis</strong></span> <span class='ocrx_word' id='word_1_76' title='bbox 497 1605 659 1666; x_wconf 82' lang='lat' dir='ltr'><strong>iaculantis</strong></span> <span class='ocrx_word' id='word_1_77' title='bbox 670 1607 708 1665; x_wconf 83' lang='lat' dir='ltr'><strong>ab</strong></span> <span class='ocrx_word' id='word_1_78' title='bbox 720 1606 839 1682; x_wconf 83' lang='lat' dir='ltr'><strong>agmine</strong></span> <span class='ocrx_word' id='word_1_79' title='bbox 850 1605 971 1663; x_wconf 81' lang='lat' dir='ltr'><strong>braccio</strong></span> 
     </span>
     <span class='ocr_line' id='line_1_15' title="bbox 343 1685 945 1767; baseline -0.003 -19"><span class='ocrx_word' id='word_1_80' title='bbox 343 1685 945 1767; x_wconf 77' lang='lat' dir='ltr'><strong>&#39;lonquinabincieadccidituncugula.</strong></span> 
     </span>
     <span class='ocr_line' id='line_1_16' title="bbox 246 1768 1112 1851; baseline -0.005 -17"><span class='ocrx_word' id='word_1_81' title='bbox 246 1781 279 1834; x_wconf 74' lang='lat'><strong>45</strong></span> <span class='ocrx_word' id='word_1_82' title='bbox 300 1773 388 1833; x_wconf 88' lang='lat' dir='ltr'><strong>Nunc</strong></span> <span class='ocrx_word' id='word_1_83' title='bbox 399 1768 499 1851; x_wconf 79' lang='lat' dir='ltr'><strong>spolia</strong></span> <span class='ocrx_word' id='word_1_84' title='bbox 508 1774 542 1831; x_wconf 93' lang='lat' dir='ltr'><strong>in</strong></span> <span class='ocrx_word' id='word_1_85' title='bbox 551 1770 670 1851; x_wconf 89' lang='lat' dir='ltr'><strong>templo</strong></span> <span class='ocrx_word' id='word_1_86' title='bbox 681 1772 742 1830; x_wconf 85' lang='lat' dir='ltr'><strong>tria</strong></span> <span class='ocrx_word' id='word_1_87' title='bbox 753 1768 893 1830; x_wconf 85' lang='lat' dir='ltr'><strong>condita:</strong></span> <span class='ocrx_word' id='word_1_88' title='bbox 916 1787 1006 1828; x_wconf 79' lang='lat' dir='ltr'><strong>causa</strong></span> <span class='ocrx_word' id='word_1_89' title='bbox 1015 1769 1112 1830; x_wconf 80' lang='lat' dir='ltr'><strong>Feret</strong></span> 
     </span>
     <span class='ocr_line' id='line_1_17' title="bbox 343 1853 1048 1933; baseline 0 -20"><span class='ocrx_word' id='word_1_90' title='bbox 343 1854 454 1914; x_wconf 86' lang='lat' dir='ltr'><strong>Omine</strong></span> <span class='ocrx_word' id='word_1_91' title='bbox 469 1855 550 1933; x_wconf 84' lang='lat' dir='ltr'><strong>quod</strong></span> <span class='ocrx_word' id='word_1_92' title='bbox 563 1861 651 1918; x_wconf 84' lang='lat' dir='ltr'><strong>certo</strong></span> <span class='ocrx_word' id='word_1_93' title='bbox 663 1855 724 1916; x_wconf 69' lang='lat' dir='ltr'><strong>(lux</strong></span> <span class='ocrx_word' id='word_1_94' title='bbox 734 1855 811 1915; x_wconf 81' lang='lat' dir='ltr'><strong>ferit</strong></span> <span class='ocrx_word' id='word_1_95' title='bbox 822 1872 909 1931; x_wconf 73' lang='lat' dir='ltr'><strong>enee,</strong></span> <span class='ocrx_word' id='word_1_96' title='bbox 922 1853 1048 1928; x_wconf 76' lang='lat' dir='ltr'><strong>‹lucem3</strong></span> 
     </span>
     <span class='ocr_line' id='line_1_18' title="bbox 299 1937 1110 2016; baseline 0 -19"><span class='ocrx_word' id='word_1_97' title='bbox 299 1938 362 1999; x_wconf 87' lang='lat' dir='ltr'><strong>Seu</strong></span> <span class='ocrx_word' id='word_1_98' title='bbox 374 1939 445 2016; x_wconf 86' lang='lat' dir='ltr'><strong>quia</strong></span> <span class='ocrx_word' id='word_1_99' title='bbox 457 1940 537 1998; x_wconf 82' lang='lat' dir='ltr'><strong>vieta</strong></span> <span class='ocrx_word' id='word_1_100' title='bbox 547 1940 609 1999; x_wconf 75' lang='lat' dir='ltr'><strong>suin</strong></span> <span class='ocrx_word' id='word_1_101' title='bbox 620 1940 759 1999; x_wconf 78' lang='lat' dir='ltr'><strong>humeris</strong></span> <span class='ocrx_word' id='word_1_102' title='bbox 769 1939 847 1998; x_wconf 88' lang='lat' dir='ltr'><strong>haec</strong></span> <span class='ocrx_word' id='word_1_103' title='bbox 860 1957 944 1997; x_wconf 86' lang='lat' dir='ltr'><strong>arma</strong></span> <span class='ocrx_word' id='word_1_104' title='bbox 954 1937 1110 2015; x_wconf 74' lang='lat' dir='ltr'><strong>ferebunt,</strong></span> 
     </span>
     <span class='ocr_line' id='line_1_19' title="bbox 338 2020 1018 2103; baseline 0.004 -22"><span class='ocrx_word' id='word_1_105' title='bbox 338 2022 421 2081; x_wconf 90' lang='lat' dir='ltr'><strong>Hinc</strong></span> <span class='ocrx_word' id='word_1_106' title='bbox 432 2020 558 2081; x_wconf 83' lang='lat' dir='ltr'><strong>Feretri</strong></span> <span class='ocrx_word' id='word_1_107' title='bbox 569 2020 652 2083; x_wconf 72' lang='lat' dir='ltr'><strong>(licta</strong></span> <span class='ocrx_word' id='word_1_108' title='bbox 663 2029 713 2082; x_wconf 82' lang='lat' dir='ltr'><strong>est</strong></span> <span class='ocrx_word' id='word_1_109' title='bbox 722 2043 776 2082; x_wconf 82' lang='lat' dir='ltr'><strong>arn</strong></span> <span class='ocrx_word' id='word_1_110' title='bbox 786 2022 922 2103; x_wconf 76' lang='lat' dir='ltr'><strong>superbo</strong></span> <span class='ocrx_word' id='word_1_111' title='bbox 930 2021 1018 2084; x_wconf 72' lang='lat' dir='ltr'><strong>Iovia</strong></span> 
     </span>
    </p>
   </div>
   <div class='ocr_carea' id='block_1_3' title="bbox 215 2235 1150 3770">
    <p class='ocr_par' dir='ltr' id='par_1_3' title="bbox 215 2235 1150 3770">
     <span class='ocr_line' id='line_1_20' title="bbox 230 2235 1150 2352; baseline 0.003 -23"><span class='ocrx_word' id='word_1_112' title='bbox 230 2236 281 2329; x_wconf 84' lang='lat' dir='ltr'><strong>ll</strong></span> <span class='ocrx_word' id='word_1_113' title='bbox 300 2235 434 2349; x_wconf 79' lang='lat' dir='ltr'><strong>llcsinc,</strong></span> <span class='ocrx_word' id='word_1_114' title='bbox 444 2267 565 2348; x_wconf 82' lang='lat' dir='ltr'><strong>Paulle,</strong></span> <span class='ocrx_word' id='word_1_115' title='bbox 576 2289 677 2331; x_wconf 84' lang='lat' dir='ltr'><strong>meum</strong></span> <span class='ocrx_word' id='word_1_116' title='bbox 686 2269 823 2332; x_wconf 74' lang='lat' dir='ltr'><strong>lacrimis</strong></span> <span class='ocrx_word' id='word_1_117' title='bbox 833 2286 948 2349; x_wconf 77' lang='lat' dir='ltr'><strong>urgere</strong></span> <span class='ocrx_word' id='word_1_118' title='bbox 957 2265 1150 2352; x_wconf 75' lang='lat' dir='ltr'><strong>sepulcrum</strong></span> 
     </span>
     <span class='ocr_line' id='line_1_21' title="bbox 339 2353 979 2432; baseline 0.003 -19"><span class='ocrx_word' id='word_1_119' title='bbox 339 2354 490 2414; x_wconf 82' lang='lat' dir='ltr'><strong>Panditur</strong></span> <span class='ocrx_word' id='word_1_120' title='bbox 501 2353 540 2413; x_wconf 83' lang='lat' dir='ltr'><strong>ad</strong></span> <span class='ocrx_word' id='word_1_121' title='bbox 550 2353 651 2414; x_wconf 80' lang='lat' dir='ltr'><strong>nullae</strong></span> <span class='ocrx_word' id='word_1_122' title='bbox 661 2357 751 2414; x_wconf 86' lang='lat' dir='ltr'><strong>ianua</strong></span> <span class='ocrx_word' id='word_1_123' title='bbox 761 2356 850 2432; x_wconf 80' lang='lat' dir='ltr'><strong>nigre</strong></span> <span class='ocrx_word' id='word_1_124' title='bbox 858 2373 979 2432; x_wconf 73' lang='lat' dir='ltr'><strong>preces.</strong></span> 
     </span>
     <span class='ocr_line' id='line_1_22' title="bbox 298 2435 1026 2516; baseline -0.003 -18"><span class='ocrx_word' id='word_1_125' title='bbox 298 2439 375 2498; x_wconf 78' lang='lat' dir='ltr'><strong>(lum</strong></span> <span class='ocrx_word' id='word_1_126' title='bbox 387 2435 484 2498; x_wconf 80' lang='lat' dir='ltr'><strong>semel</strong></span> <span class='ocrx_word' id='word_1_127' title='bbox 492 2437 631 2500; x_wconf 72' lang='lat' dir='ltr'><strong>infernus</strong></span> <span class='ocrx_word' id='word_1_128' title='bbox 641 2440 797 2498; x_wconf 85' lang='lat' dir='ltr'><strong>intrarunt</strong></span> <span class='ocrx_word' id='word_1_129' title='bbox 807 2438 918 2497; x_wconf 83' lang='lat' dir='ltr'><strong>funera</strong></span> <span class='ocrx_word' id='word_1_130' title='bbox 927 2435 1026 2516; x_wconf 78' lang='lat' dir='ltr'><strong>leges,</strong></span> 
     </span>
     <span class='ocr_line' id='line_1_23' title="bbox 337 2521 898 2583; baseline 0.004 -2"><span class='ocrx_word' id='word_1_131' title='bbox 337 2522 406 2581; x_wconf 92' lang='lat' dir='ltr'><strong>Non</strong></span> <span class='ocrx_word' id='word_1_132' title='bbox 417 2528 544 2582; x_wconf 82' lang='lat' dir='ltr'><strong>exorato</strong></span> <span class='ocrx_word' id='word_1_133' title='bbox 556 2528 639 2582; x_wconf 71' lang='lat' dir='ltr'><strong>amnt</strong></span> <span class='ocrx_word' id='word_1_134' title='bbox 649 2521 809 2582; x_wconf 84' lang='lat' dir='ltr'><strong>adamante</strong></span> <span class='ocrx_word' id='word_1_135' title='bbox 820 2523 898 2583; x_wconf 87' lang='lat' dir='ltr'><strong>viae.</strong></span> 
     </span>
     <span class='ocr_line' id='line_1_24' title="bbox 260 2603 1018 2666; baseline -0.001 -1"><span class='ocrx_word' id='word_1_136' title='bbox 260 2613 276 2665; x_wconf 81' lang='lat'><strong>5</strong></span> <span class='ocrx_word' id='word_1_137' title='bbox 298 2603 435 2666; x_wconf 83' lang='lat' dir='ltr'><strong>Telicct</strong></span> <span class='ocrx_word' id='word_1_138' title='bbox 445 2612 584 2666; x_wconf 86' lang='lat' dir='ltr'><strong>orantem</strong></span> <span class='ocrx_word' id='word_1_139' title='bbox 595 2606 700 2666; x_wconf 80' lang='lat' dir='ltr'><strong>fuscae</strong></span> <span class='ocrx_word' id='word_1_140' title='bbox 713 2604 789 2666; x_wconf 80' lang='lat' dir='ltr'><strong>(leue</strong></span> <span class='ocrx_word' id='word_1_141' title='bbox 800 2604 904 2664; x_wconf 85' lang='lat' dir='ltr'><strong>audiat</strong></span> <span class='ocrx_word' id='word_1_142' title='bbox 915 2603 1018 2665; x_wconf 74' lang='lat' dir='ltr'><strong>aulaea</strong></span> 
     </span>
     <span class='ocr_line' id='line_1_25' title="bbox 337 2687 1023 2770; baseline 0 -22"><span class='ocrx_word' id='word_1_143' title='bbox 337 2688 456 2770; x_wconf 85' lang='lat' dir='ltr'><strong>Nempe</strong></span> <span class='ocrx_word' id='word_1_144' title='bbox 467 2696 535 2750; x_wconf 80' lang='lat' dir='ltr'><strong>tuae</strong></span> <span class='ocrx_word' id='word_1_145' title='bbox 544 2687 688 2749; x_wconf 78' lang='lat' dir='ltr'><strong>lacrimae</strong></span> <span class='ocrx_word' id='word_1_146' title='bbox 698 2687 794 2749; x_wconf 87' lang='lat' dir='ltr'><strong>litora</strong></span> <span class='ocrx_word' id='word_1_147' title='bbox 802 2688 896 2749; x_wconf 81' lang='lat' dir='ltr'><strong>surda</strong></span> <span class='ocrx_word' id='word_1_148' title='bbox 906 2689 1023 2748; x_wconf 79' lang='lat' dir='ltr'><strong>bibent</strong></span> 
     </span>
     <span class='ocr_line' id='line_1_26' title="bbox 215 2772 1114 2853; baseline 0.003 -24"><span class='ocrx_word' id='word_1_149' title='bbox 215 2825 217 2829; x_wconf 83' lang='grc'><strong>,</strong></span> <span class='ocrx_word' id='word_1_150' title='bbox 295 2772 377 2834; x_wconf 86' lang='lat' dir='ltr'><strong>Vota</strong></span> <span class='ocrx_word' id='word_1_151' title='bbox 387 2780 515 2834; x_wconf 80' lang='lat' dir='ltr'><strong>movent</strong></span> <span class='ocrx_word' id='word_1_152' title='bbox 523 2790 667 2850; x_wconf 76' lang='lat' dir='ltr'><strong>superos:</strong></span> <span class='ocrx_word' id='word_1_153' title='bbox 687 2774 740 2832; x_wconf 92' lang='lat' dir='ltr'><strong>ubi</strong></span> <span class='ocrx_word' id='word_1_154' title='bbox 749 2773 885 2852; x_wconf 85' lang='lat' dir='ltr'><strong>portitor</strong></span> <span class='ocrx_word' id='word_1_155' title='bbox 898 2790 970 2831; x_wconf 86' lang='lat' dir='ltr'><strong>acra</strong></span> <span class='ocrx_word' id='word_1_156' title='bbox 981 2773 1114 2853; x_wconf 77' lang='lat' dir='ltr'><strong>recepit,</strong></span> 
     </span>
     <span class='ocr_line' id='line_1_27' title="bbox 335 2853 963 2935; baseline 0.002 -21"><span class='ocrx_word' id='word_1_157' title='bbox 335 2854 470 2914; x_wconf 78' lang='lat' dir='ltr'><strong>Obuerat</strong></span> <span class='ocrx_word' id='word_1_158' title='bbox 482 2856 633 2914; x_wconf 78' lang='lat' dir='ltr'><strong>herbosos</strong></span> <span class='ocrx_word' id='word_1_159' title='bbox 645 2853 749 2914; x_wconf 86' lang='lat' dir='ltr'><strong>lurida</strong></span> <span class='ocrx_word' id='word_1_160' title='bbox 761 2863 851 2935; x_wconf 80' lang='lat' dir='ltr'><strong>porta</strong></span> <span class='ocrx_word' id='word_1_161' title='bbox 861 2874 963 2934; x_wconf 73' lang='lat' dir='ltr'><strong>rogos.</strong></span> 
     </span>
     <span class='ocr_line' id='line_1_28' title="bbox 294 2938 1127 3016; baseline 0.001 -18"><span class='ocrx_word' id='word_1_162' title='bbox 294 2938 345 2998; x_wconf 90' lang='lat' dir='ltr'><strong>Sic</strong></span> <span class='ocrx_word' id='word_1_163' title='bbox 356 2945 491 2998; x_wconf 74' lang='lat' dir='ltr'><strong>maestae</strong></span> <span class='ocrx_word' id='word_1_164' title='bbox 503 2938 647 2998; x_wconf 85' lang='lat' dir='ltr'><strong>cecinere</strong></span> <span class='ocrx_word' id='word_1_165' title='bbox 660 2939 763 3016; x_wconf 83' lang='lat' dir='ltr'><strong>tubae,</strong></span> <span class='ocrx_word' id='word_1_166' title='bbox 775 2958 842 2998; x_wconf 91' lang='lat' dir='ltr'><strong>cum</strong></span> <span class='ocrx_word' id='word_1_167' title='bbox 855 2938 978 2998; x_wconf 80' lang='lat' dir='ltr'><strong>subdito</strong></span> <span class='ocrx_word' id='word_1_168' title='bbox 987 2941 1127 2999; x_wconf 69' lang='lat' dir='ltr'><strong>noenum</strong></span> 
     </span>
     <span class='ocr_line' id='line_1_29' title="bbox 240 3019 927 3102; baseline 0 -19"><span class='ocrx_word' id='word_1_169' title='bbox 240 3032 275 3083; x_wconf 86' lang='lat'><strong>10</strong></span> <span class='ocrx_word' id='word_1_170' title='bbox 335 3019 927 3102; x_wconf 82' lang='lat' dir='ltr'><strong>Detraheretlectofaxinimicacaput.</strong></span> 
     </span>
     <span class='ocr_line' id='line_1_30' title="bbox 286 3105 1111 3185; baseline 0.001 -21"><span class='ocrx_word' id='word_1_171' title='bbox 286 3105 375 3180; x_wconf 79' lang='lat' dir='ltr'><strong>.de</strong></span> <span class='ocrx_word' id='word_1_172' title='bbox 385 3107 460 3166; x_wconf 88' lang='lat' dir='ltr'><strong>mihi</strong></span> <span class='ocrx_word' id='word_1_173' title='bbox 471 3107 645 3183; x_wconf 76' lang='lat' dir='ltr'><strong>coniugium</strong></span> <span class='ocrx_word' id='word_1_174' title='bbox 655 3105 766 3183; x_wconf 79' lang='lat' dir='ltr'><strong>Paulli,</strong></span> <span class='ocrx_word' id='word_1_175' title='bbox 778 3105 853 3185; x_wconf 86' lang='lat' dir='ltr'><strong>quid</strong></span> <span class='ocrx_word' id='word_1_176' title='bbox 865 3125 974 3166; x_wconf 84' lang='lat' dir='ltr'><strong>currus</strong></span> <span class='ocrx_word' id='word_1_177' title='bbox 986 3123 1111 3165; x_wconf 84' lang='lat' dir='ltr'><strong>avorum</strong></span> 
     </span>
     <span class='ocr_line' id='line_1_31' title="bbox 334 3189 990 3270; baseline 0.002 -23"><span class='ocrx_word' id='word_1_178' title='bbox 334 3189 869 3270; x_wconf 75' lang='lat' dir='ltr'><strong>Proluitautfameepignoratantu</strong></span> <span class='ocrx_word' id='word_1_179' title='bbox 880 3189 990 3249; x_wconf 71' lang='lat' dir='ltr'><strong>meae?</strong></span> 
     </span>
     <span class='ocr_line' id='line_1_32' title="bbox 291 3270 1024 3334; baseline -0.003 -2"><span class='ocrx_word' id='word_1_180' title='bbox 291 3270 371 3332; x_wconf 91' lang='lat' dir='ltr'><strong>Num</strong></span> <span class='ocrx_word' id='word_1_181' title='bbox 382 3275 481 3334; x_wconf 89' lang='lat' dir='ltr'><strong>minu</strong></span> <span class='ocrx_word' id='word_1_182' title='bbox 491 3275 615 3333; x_wconf 81' lang='lat' dir='ltr'><strong>imnitee</strong></span> <span class='ocrx_word' id='word_1_183' title='bbox 626 3274 720 3334; x_wconf 88' lang='lat' dir='ltr'><strong>habui</strong></span> <span class='ocrx_word' id='word_1_184' title='bbox 731 3271 878 3334; x_wconf 81' lang='lat' dir='ltr'><strong>Cornelia</strong></span> <span class='ocrx_word' id='word_1_185' title='bbox 888 3272 1024 3332; x_wconf 73' lang='lat' dir='ltr'><strong>Parcae?</strong></span> 
     </span>
     <span class='ocr_line' id='line_1_33' title="bbox 330 3356 1075 3436; baseline -0.001 -21"><span class='ocrx_word' id='word_1_186' title='bbox 330 3357 379 3415; x_wconf 90' lang='grc' dir='ltr'><strong>Ειι</strong></span> <span class='ocrx_word' id='word_1_187' title='bbox 391 3377 467 3434; x_wconf 83' lang='lat' dir='ltr'><strong>sum,</strong></span> <span class='ocrx_word' id='word_1_188' title='bbox 480 3356 563 3436; x_wconf 84' lang='lat' dir='ltr'><strong>quod</strong></span> <span class='ocrx_word' id='word_1_189' title='bbox 574 3357 678 3436; x_wconf 81' lang='lat' dir='ltr'><strong>digitis</strong></span> <span class='ocrx_word' id='word_1_190' title='bbox 690 3359 826 3436; x_wconf 89' lang='lat' dir='ltr'><strong>quinque</strong></span> <span class='ocrx_word' id='word_1_191' title='bbox 836 3356 969 3434; x_wconf 79' lang='lat' dir='ltr'><strong>levatur,</strong></span> <span class='ocrx_word' id='word_1_192' title='bbox 982 3372 1075 3428; x_wconf 58' lang='lat' dir='ltr'><strong>onua„</strong></span> 
     </span>
     <span class='ocr_line' id='line_1_34' title="bbox 237 3438 1020 3520; baseline -0.001 -21"><span class='ocrx_word' id='word_1_193' title='bbox 237 3447 271 3499; x_wconf 83' lang='lat'><strong>15</strong></span> <span class='ocrx_word' id='word_1_194' title='bbox 291 3439 458 3500; x_wconf 74' lang='lat' dir='ltr'><strong>Damoetae</strong></span> <span class='ocrx_word' id='word_1_195' title='bbox 469 3447 578 3502; x_wconf 79' lang='lat' dir='ltr'><strong>noctes</strong></span> <span class='ocrx_word' id='word_1_196' title='bbox 590 3447 622 3500; x_wconf 88' lang='lat' dir='ltr'><strong>et</strong></span> <span class='ocrx_word' id='word_1_197' title='bbox 631 3460 686 3500; x_wconf 81' lang='lat' dir='ltr'><strong>voa</strong></span> <span class='ocrx_word' id='word_1_198' title='bbox 696 3441 773 3501; x_wconf 83' lang='lat' dir='ltr'><strong>vada</strong></span> <span class='ocrx_word' id='word_1_199' title='bbox 782 3439 868 3501; x_wconf 87' lang='lat' dir='ltr'><strong>lenta</strong></span> <span class='ocrx_word' id='word_1_200' title='bbox 876 3438 1020 3520; x_wconf 78' lang='lat' dir='ltr'><strong>paludes,</strong></span> 
     </span>
     <span class='ocr_line' id='line_1_35' title="bbox 330 3521 1043 3604; baseline -0.001 -22"><span class='ocrx_word' id='word_1_201' title='bbox 330 3523 372 3583; x_wconf 82' lang='lat' dir='ltr'><strong>Et</strong></span> <span class='ocrx_word' id='word_1_202' title='bbox 383 3542 593 3604; x_wconf 86' lang='lat' dir='ltr'><strong>quaecumque</strong></span> <span class='ocrx_word' id='word_1_203' title='bbox 603 3543 690 3585; x_wconf 84' lang='lat' dir='ltr'><strong>meos</strong></span> <span class='ocrx_word' id='word_1_204' title='bbox 699 3523 829 3604; x_wconf 84' lang='lat' dir='ltr'><strong>inplicat</strong></span> <span class='ocrx_word' id='word_1_205' title='bbox 838 3524 920 3584; x_wconf 87' lang='lat' dir='ltr'><strong>unda</strong></span> <span class='ocrx_word' id='word_1_206' title='bbox 931 3521 1043 3603; x_wconf 81' lang='lat' dir='ltr'><strong>peden,</strong></span> 
     </span>
     <span class='ocr_line' id='line_1_36' title="bbox 288 3605 998 3685; baseline 0.001 -20"><span class='ocrx_word' id='word_1_207' title='bbox 288 3605 443 3667; x_wconf 83' lang='lat' dir='ltr'><strong>Inmatura</strong></span> <span class='ocrx_word' id='word_1_208' title='bbox 453 3607 539 3685; x_wconf 85' lang='lat' dir='ltr'><strong>licet,</strong></span> <span class='ocrx_word' id='word_1_209' title='bbox 550 3615 653 3668; x_wconf 74' lang='lat' dir='ltr'><strong>minen</strong></span> <span class='ocrx_word' id='word_1_210' title='bbox 664 3611 725 3668; x_wconf 86' lang='lat' dir='ltr'><strong>huc</strong></span> <span class='ocrx_word' id='word_1_211' title='bbox 737 3627 799 3667; x_wconf 92' lang='lat' dir='ltr'><strong>non</strong></span> <span class='ocrx_word' id='word_1_212' title='bbox 808 3609 900 3668; x_wconf 82' lang='lat' dir='ltr'><strong>nonin</strong></span> <span class='ocrx_word' id='word_1_213' title='bbox 909 3607 998 3667; x_wconf 85' lang='lat' dir='ltr'><strong>veni:</strong></span> 
     </span>
     <span class='ocr_line' id='line_1_37' title="bbox 329 3689 995 3770; baseline 0.003 -22"><span class='ocrx_word' id='word_1_214' title='bbox 329 3689 391 3749; x_wconf 86' lang='lat' dir='ltr'><strong>Det</strong></span> <span class='ocrx_word' id='word_1_215' title='bbox 401 3697 492 3770; x_wconf 86' lang='lat' dir='ltr'><strong>pater</strong></span> <span class='ocrx_word' id='word_1_216' title='bbox 503 3691 556 3767; x_wconf 86' lang='lat' dir='ltr'><strong>hic</strong></span> <span class='ocrx_word' id='word_1_217' title='bbox 566 3693 692 3751; x_wconf 84' lang='lat' dir='ltr'><strong>umbrae</strong></span> <span class='ocrx_word' id='word_1_218' title='bbox 703 3689 887 3751; x_wconf 77' lang='lat' dir='ltr'><strong>molliniana</strong></span> <span class='ocrx_word' id='word_1_219' title='bbox 897 3709 995 3751; x_wconf 87' lang='lat' dir='ltr'><strong>meae.</strong></span> 
     </span>
    </p>
   </div>
   <div class='ocr_carea' id='block_1_4' title="bbox 0 0 1364 4325">
    <p class='ocr_par' dir='ltr' id='par_1_4' title="bbox 0 0 1364 4325">
     <span class='ocr_line' id='line_1_38' title="bbox 0 0 1364 4325; baseline 0 0"><span class='ocrx_word' id='word_1_220' title='bbox 0 0 1364 4325; x_wconf 95' lang='lat' dir='ltr'><strong> </strong></span> 
     </span>
    </p>
   </div>
  </div>
 </body>
</html>
