2717 4325
134 474 138 479 ·
198 437 220 500 2
540 434 686 496 TlBULLl
707 435 773 496 LIB.
791 435 813 495 l.
831 448 856 498 1.

240 606 304 666 Nec
326 623 450 685 semper
469 603 580 682 longae
603 602 726 672 deditus
744 621 814 674 esse
835 605 918 680 uiae,

198 689 262 750 Sed
284 689 376 750 Gonia
401 691 533 750 aestivis
557 685 643 748 ortuis
664 688 763 747 nitore
783 690 839 748 sub
859 689 967 748 umbra

239 774 370 834 Arboris
396 772 435 832 ad
453 774 535 832 rivos
557 773 789 853 praetereuntis
812 790 918 850 aquae.

199 859 265 920 Nec
287 863 389 917 tamen
410 856 567 916 interdum
586 853 703 935 pudeat
725 856 863 915 tenuisse
885 854 1030 915 bidentes

240 943 303 1000 Aut
323 938 574 1000 stimulotardos
594 940 787 1018 increpuisse
808 940 920 1014 boves,

199 1027 267 1085 Non
290 1020 436 1102 agnamve
457 1026 526 1083 sinu
547 1025 652 1110 pigeat
673 1023 809 1083 fetumve
831 1021 968 1103 capellae

239 1109 404 1169 Desertum
428 1106 525 1168 oblitu
546 1116 645 1168 matre
666 1107 790 1167 referre
813 1106 945 1167 domum.

198 1195 240 1253 At
257 1212 311 1253 voa
331 1194 441 1270 exiguo
461 1193 586 1272 pecori,
607 1192 758 1271 furesque
778 1190 924 1271 lupique,

239 1277 379 1337 Parcite:
402 1275 442 1336 de
464 1295 573 1354 magno
595 1275 712 1356 praeda
732 1275 868 1356 petenda
889 1293 993 1354 grege.

197 1362 256 1421 llio
278 1379 335 1440 ego
357 1368 576 1440 pastoremque
596 1380 697 1420 meum
718 1358 859 1426 lustrare,
877 1365 951 1438 quot
973 1361 1058 1418 annis

239 1446 281 1505 Et
301 1444 452 1525 placidam
476 1442 562 1506 soleo
583 1462 732 1530 spargere
752 1443 834 1525 lacte
855 1441 971 1507 Palem.

199 1528 334 1606 udatus,
357 1528 435 1605 divi,
457 1547 515 1589 nec
537 1548 590 1588 vos
612 1527 652 1587 de
674 1546 812 1609 paupere
834 1546 940 1587 mensa

240 1614 328 1672 Dona
351 1631 410 1672 nec
433 1631 450 1672 e
472 1614 558 1693 puris
581 1614 721 1692 spernite
741 1611 897 1672 fictilibus.

198 1695 322 1756 Fictilis
345 1698 486 1774 antiquus
508 1697 641 1776 primum
662 1698 722 1759 sibl
743 1697 821 1756 fecit
843 1696 973 1774 agrestis

239 1779 369 1858 Pocula,
392 1780 431 1839 de
450 1780 536 1843 sacili
559 1783 793 1861 composuitque
817 1779 893 1844 luto.
985 1847 986 1850 Ἴ

197 1865 264 1925 Non
286 1883 343 1942 ego
367 1864 488 1924 divitius
510 1871 631 1943 patrum
652 1865 835 1943 fructusque
854 1865 998 1943 requiro,

239 1949 323 2024 Quos
347 1948 421 2010 tulit
441 1950 566 2027 antiquo
591 1948 717 2009 conditu
737 1949 847 2009 messis
869 1968 938 2008 avo:

195 2034 292 2091 Parva
311 2052 401 2109 seges
423 2035 498 2093 sotis
521 2039 585 2112 est,
608 2036 683 2093 satis
705 2039 770 2110 est,
792 2035 995 2112 requiescere
1014 2033 1096 2094 lecto

238 2116 388 2179 Scilicet
410 2124 443 2178 et
464 2116 556 2179 solito
578 2119 715 2178 membra
735 2117 839 2179 levare
861 2124 940 2182 toro.

196 2202 293 2277 Quam
313 2203 396 2263 iuvat
416 2204 551 2264 immites
569 2209 678 2262 ventos
702 2202 810 2263 audire
831 2205 994 2265 cubantem

150 2274 162 2297 ⁶
236 2287 279 2345 Et
300 2285 452 2347 dominam
471 2294 581 2347 tenero
605 2285 776 2347 detinuisse
797 2288 865 2346 sinu

198 2372 275 2448 Aut,
295 2368 414 2449 gelidas
435 2372 586 2432 hibernus
608 2390 700 2449 aquas
721 2390 788 2432 cum
810 2370 929 2432 fuderit
952 2374 1084 2450 Auster,

238 2454 387 2516 Securum
406 2476 528 2517 somnos
550 2456 650 2516 imbre
671 2456 796 2516 iuvante
818 2458 921 2535 sequi!

195 2539 263 2599 Hoc
285 2540 361 2600 mihi
382 2542 554 2619 contingat:
574 2540 615 2599 sit
637 2538 722 2600 dives
740 2541 824 2618 iure,
843 2540 983 2601 furorem

238 2624 298 2699 Qui
318 2625 409 2685 maria
431 2631 464 2686 et
485 2626 592 2684 tristes
612 2624 700 2685 ferre
721 2619 828 2705 potesl
848 2623 975 2705 pluvias.

195 2708 221 2767 0
246 2714 393 2785 quantum
414 2715 464 2768 est
484 2711 550 2769 suri
571 2715 683 2789 pereat
704 2711 869 2790 potiusque
891 2710 1061 2790 smaragdi,
1143 2748 1155 2773 ι

237 2793 335 2868 Quam
356 2793 431 2852 fleat
452 2794 491 2852 ob
513 2800 635 2854 nostras
658 2792 721 2855 ulla
742 2792 847 2873 puella
870 2796 941 2856 vius.

152 2899 156 2905 ·
195 2877 242 2936 Te
262 2875 384 2937 bellare
408 2875 500 2937 decet
521 2884 621 2955 terro,
644 2877 796 2956 Messala,
819 2881 973 2959 marique,

235 2962 279 3021 Ut
301 2960 408 3021 domus
425 2960 555 3023 hostiles
575 2962 736 3042 praeferet
757 2966 895 3023 exuvias:

194 3046 247 3107 Me
270 3039 408 3107 retinent
427 3048 564 3107 vinctum
582 3046 739 3107 formosus
760 3046 862 3108 vincla
882 3048 1021 3129 puellae,
1170 3061 1204 3113 55

235 3129 278 3191 Et
298 3130 393 3191 sedeo
417 3124 509 3192 duras
531 3133 645 3191 ianitor
668 3140 740 3193 ante
763 3132 857 3194 fores.
945 3182 948 3187 .

194 3214 263 3274 Non
284 3234 341 3295 ego
363 3214 481 3276 laudari
503 3236 593 3294 curo,
616 3235 684 3276 mea
702 3216 807 3277 Delia:
829 3223 932 3278 tecum

236 3299 315 3360 llum
336 3298 427 3360 modo
451 3301 523 3379 sim,
546 3318 660 3381 quaeso
684 3304 786 3381 segnia
808 3300 956 3382 inersque
975 3322 1076 3365 vocer.

195 3382 243 3443 Te
266 3390 423 3466 spectem,
444 3403 588 3466 supremo
608 3384 685 3446 milri
707 3406 775 3446 cum
794 3388 916 3447 venerit
935 3386 1027 3466 hors,

238 3468 285 3529 Te
307 3477 430 3530 teneam
452 3471 588 3531 moriens
611 3469 777 3531 deficiente
799 3490 898 3531 mauu.
1168 3482 1206 3537 60
1284 3477 1285 3486 ’

194 3550 302 3614 Flebis
325 3562 358 3614 ct
377 3574 484 3615 arsuro
507 3556 641 3636 positum
661 3573 729 3629 me,
749 3552 856 3633 Delia,
876 3553 979 3635 lecto,

237 3636 395 3698 Tristibus
416 3647 449 3698 et
469 3637 605 3700 lacrimis
628 3638 732 3701 oscula
754 3640 847 3700 mixte
868 3638 963 3700 dabis,

194 3718 318 3781 Flebis:
340 3741 402 3781 non
421 3729 473 3783 tua
492 3730 564 3784 sunt
586 3723 663 3785 duro
684 3722 867 3805 praecordia
886 3724 972 3785 ferro
