2717 4325
182 359 223 422 34
506 355 649 416 TlBULll
669 356 737 417 LlB.
754 357 789 417 Il.
805 369 831 420 5.
847 369 872 422 6.

118 587 122 594 ,
223 525 266 586 Et
286 524 413 607 plaudat
435 545 527 586 curru
548 530 769 604 praetereunte
792 532 891 605 pater.
1063 567 1067 580 κ
1140 537 1202 590 120

183 611 310 670 Annae:
335 611 380 669 sic
403 610 461 669 tibi
483 611 545 670 sint
566 609 699 684 intonsi,
721 608 865 687 Phoebe,
887 608 1011 690 capilli,

225 693 277 754 Sic
298 699 351 754 tua
370 700 523 775 perpetuo
546 693 587 751 sit
608 692 666 750 tibi
689 699 770 752 casta
793 713 890 754 soror.

653 910 713 975 VI.
763 896 770 906 ’

184 995 299 1088 Castra
317 1026 426 1086 Macer
448 1027 602 1104 sequitur:
624 1032 735 1086 tenero
759 1025 833 1104 quid
853 1025 910 1087 fiet
931 1027 1059 1088 Amori?

227 1111 275 1171 Sit
297 1129 399 1171 comes
421 1116 454 1170 et
474 1109 555 1170 eollo
575 1111 702 1172 fortiter
723 1129 805 1171 arma
827 1111 937 1190 gerat?

185 1200 225 1261 [it
245 1213 301 1254 seu
322 1193 415 1272 longa
434 1195 531 1255 virum
554 1201 658 1256 terrae
679 1196 727 1256 via
748 1215 804 1258 seu
823 1214 898 1274 vaga
920 1194 1035 1257 ducent

226 1281 389 1358 Aequora,
412 1297 478 1338 cum
498 1277 572 1340 telis
594 1278 633 1339 ad
653 1279 734 1340 latus
756 1283 804 1341 ire
824 1279 929 1341 volet?

184 1368 268 1442 Ure,
288 1382 384 1443 puer,
398 1355 536 1441 quaeso,
555 1370 608 1422 tua
630 1365 682 1442 qui
701 1364 788 1425 ferus
811 1367 873 1444 otia
894 1363 1005 1444 liquit,
1175 1375 1193 1424 5

226 1451 330 1526 Atque
352 1447 464 1506 iterum
486 1465 631 1506 erronem
650 1449 705 1507 sulr
728 1455 780 1508 tua
801 1451 887 1528 signa
907 1469 989 1510 voca.
1279 1507 1280 1520 ,

185 1531 276 1611 Quod
296 1532 322 1590 si
341 1528 490 1590 militibus
510 1549 636 1611 parces,
659 1533 722 1590 erit
739 1531 791 1592 hlc
811 1551 932 1612 quoque
955 1530 1060 1611 miles,
1279 1537 1280 1540 ’

228 1616 297 1697 lpse
315 1612 416 1674 levem
436 1613 523 1692 galea
545 1616 596 1692 qui
618 1615 677 1674 sibi
698 1620 805 1695 portet
823 1636 939 1694 aquam.

186 1702 295 1761 Gastra
307 1705 405 1777 -peto,
427 1696 588 1776 valeatque
608 1699 714 1761 Venus
729 1697 912 1778 valeantque
934 1698 1072 1780 puellae:
1279 1699 1280 1734 l

225 1783 365 1845 nemini
387 1783 576 1859 suntvires,
598 1785 727 1843 etmihi
749 1783 830 1843 lacta
851 1785 923 1845 tuba
944 1790 1000 1844 est.
1156 1795 1190 1846 10

186 1869 299 1946 Magna
319 1865 450 1946 loquor,
472 1866 528 1927 sed
546 1869 706 1946 magnifice
728 1869 803 1928 mihi
825 1887 931 1948 magna
950 1867 1055 1931 locuto

228 1953 395 2012 Excutiunt
417 1950 538 2012 clausae
559 1952 654 2013 fortia
674 1955 769 2013 verbe
790 1954 884 2014 fores.

187 2037 285 2096 iuravi
308 2037 450 2114 quotiens
473 2035 643 2097 rediturum
666 2036 705 2097 ad
723 2037 829 2098 limina
849 2036 1016 2114 nunquam!

103 2174 107 2178 .
231 2119 307 2181 Cum
329 2122 410 2181 bene
430 2121 543 2200 iuravi,
563 2139 619 2201 pes
641 2127 744 2183 tamen
765 2124 832 2203 ipae
854 2120 945 2181 redit.

190 2206 270 2267 Acer
291 2206 402 2284 Amor,
424 2206 538 2265 fractas
559 2207 673 2265 utinam
698 2212 749 2266 tua
769 2207 834 2267 tela
855 2207 995 2283 sagittus,
1072 2244 1075 2249 ι
1155 2214 1187 2263 15

234 2288 403 2367 Scilicet,
426 2290 576 2349 extinctas
598 2290 806 2369 aspiciamque
829 2289 930 2349 faces!

190 2374 238 2434 Tu
260 2374 406 2434 miserum
426 2379 571 2451 torques,
592 2378 627 2432 tu
647 2392 697 2433 me
717 2374 792 2434 mihi
815 2374 882 2434 dira
903 2371 1024 2453 precari

231 2457 324 2536 Cogis
347 2464 380 2517 et
400 2458 506 2517 insana
527 2462 631 2516 mente
652 2457 787 2518 nefanda
807 2456 902 2537 loqui.
1279 2456 1280 2463 ’

190 2544 250 2601 lam
269 2540 349 2601 mala
369 2541 506 2601 finissem
526 2540 607 2619 leto,
627 2540 684 2601 sed
707 2542 833 2602 credula
853 2543 944 2602 vitam

227 2625 310 2705 'Spes
330 2625 416 2684 fovet
435 2631 468 2684 et
488 2625 558 2682 fore
580 2644 648 2682 cras
669 2642 793 2703 semper
815 2627 858 2681 ait
879 2622 997 2681 melius.
1156 2630 1191 2681 ‘20

190 2709 269 2789 Spes
290 2706 346 2767 alit
367 2705 534 2785 agricolas,
558 2706 636 2787 Spes
658 2704 751 2766 sulcis
770 2704 871 2766 credit
892 2706 996 2778 aratis=

233 2792 371 2867 Semina,
395 2808 472 2869 qnae
493 2808 601 2867 magno
624 2789 735 2849 fenore
757 2789 868 2849 reddat
890 2806 978 2867 ager:

189 2872 277 2935 llaec
297 2873 408 2953 laqueo
430 2872 589 2952 volucres,
607 2873 685 2933 haec
708 2879 810 2953 captat
832 2871 981 2933 arundine
1002 2871 1120 2953 pisces,

233 2959 310 3021 Cum
331 2963 442 3017 tenues
462 2958 568 3016 hamos
590 2955 710 3018 abdidit
729 2963 799 3017 ante
823 2956 923 3017 cibus:

192 3044 270 3125 Spes
292 3042 384 3102 etiam
406 3039 506 3102 valida
528 3038 646 3102 solatur
667 3039 816 3121 compede
836 3040 970 3101 vinctum
1153 3049 1187 3100 25
1279 3066 1280 3097 i

233 3126 349 3207 (Crura
367 3131 481 3196 ,sonant
499 3125 603 3204 ferro,
625 3124 681 3185 sed
701 3127 782 3185 ccnit
802 3126 886 3187 inter
908 3124 1016 3204 opus):

191 3212 271 3294 Spes
290 3210 413 3271 facilem
435 3210 591 3269 Nemesim
610 3206 743 3290 spondet
765 3210 856 3289 mihi,
879 3207 935 3268 sed
956 3212 1050 3286 negat
1068 3204 1130 3268 illa.

232 3293 294 3357 Hei
315 3294 407 3372 mihi,
426 3311 466 3354 ne
487 3293 608 3371 vincas,
630 3292 705 3353 dura
725 3291 844 3373 puella,
866 3291 963 3352 deam.

191 3383 306 3458 Parce,
328 3397 385 3459 per
405 3378 568 3439 immatura
588 3384 659 3437 tuae
678 3394 792 3456 precor
815 3396 882 3437 ossa
903 3376 1035 3437 sororias

235 3466 287 3526 Sic
308 3466 389 3523 bene
410 3464 466 3524 sub
487 3468 597 3522 tenero
617 3479 710 3542 parva
732 3462 869 3538 quiescat
888 3461 991 3521 humo.

192 3549 247 3611 llla
265 3548 340 3608 mihi
363 3553 467 3608 sancta
489 3553 552 3625 est,
573 3542 659 3607 illius
682 3542 762 3603 dona
780 3543 925 3626 sepulcro

234 3636 276 3696 Et
296 3630 467 3695 madefacta
490 3631 567 3692 meis
589 3635 673 3692 serta
692 3627 790 3689 leram
811 3627 965 3707 lacrimis,
