2717 4325
617 262 629 295 Ι

436 393 922 477 mesammones.
1118 398 1159 463 55

284 569 344 645 An,
360 567 504 646 quonlam
515 570 668 643 agrestem
681 564 816 625 detraxit
828 567 867 626 ab
878 584 934 625 ore
945 566 1075 645 figuram

326 650 478 730 luppiter,
487 648 606 710 idcirco
617 649 700 709 iacta
710 651 846 729 superba
855 648 915 710 dea
926 651 983 711 es?

230 743 264 797 15
283 736 334 794 An
343 735 403 793 tibi
415 734 563 793 nonsatis
575 738 622 793 est
635 732 729 793 fuscis
739 734 900 814 Aegyptus
912 733 1065 794 alumnis?

326 818 390 877 cur
400 817 458 877 tibi
468 822 530 876 tam
541 817 632 895 longa
642 817 738 876 Roma
748 820 848 897 petite
858 819 907 877 via
917 819 988 877 est?

284 899 403 977 Quidve
414 901 472 961 tibi
482 900 613 981 prodest
622 899 729 960 viduas
741 900 878 961 dormire
888 899 1033 981 puellas?

323 983 387 1043 Sed
397 984 465 1062 tibi,
477 983 572 1044 crede
583 983 669 1061 mihi,
685 1003 799 1043 cornua
809 1004 917 1045 rursus
928 990 1031 1063 crunt,

231 1112 235 1119 .
282 1070 346 1128 Aut
355 1087 412 1128 nos
425 1086 442 1128 e
454 1073 615 1146 nostrate,
628 1084 728 1143 sueva,
741 1066 913 1144 fugabimus
924 1071 1019 1129 urbe:

227 1162 262 1213 20
324 1152 401 1213 Cum
413 1151 523 1212 Tiberi
534 1150 604 1211 Nilo
616 1151 715 1228 gratia
725 1148 812 1209 nulla
821 1150 890 1213 fuit.

281 1237 323 1295 At
334 1242 379 1313 tu,
391 1253 470 1314 quae
480 1240 589 1293 nostro
599 1234 727 1294 nimium
735 1232 855 1313 placata
867 1232 976 1294 dolore
988 1252 1033 1312 es,

325 1318 474 1379 Noctibus
485 1318 534 1376 his
546 1319 632 1377 vacui
643 1324 694 1377 ter
705 1318 850 1377 iaciamus
861 1318 933 1378 lter.

281 1401 350 1462 Non
365 1400 451 1461 audis
462 1408 495 1461 et
509 1403 603 1461 verba
614 1402 689 1461 sinis
700 1419 769 1459 mea
778 1399 900 1479 ludere,
912 1420 980 1460 cnm
990 1402 1051 1462 ium

319 1484 466 1546 Flectant
475 1485 565 1545 Icarii
576 1483 679 1545 §idern
690 1483 779 1544 tarda
789 1485 893 1545 boves.

226 1579 260 1633 25
281 1570 381 1631 Lente
391 1570 487 1630 bibis:
505 1568 629 1645 *medice
641 1574 802 1648 nequeunt
810 1574 844 1629 te
854 1568 1000 1648 frangere
1013 1575 1131 1634 noctes.

319 1655 369 1714 Διι
378 1653 514 1714 nondum
526 1658 574 1713 est
583 1651 662 1713 talos
674 1654 800 1713 mittere
810 1651 893 1713 lassa
902 1653 1030 1712 manus?

279 1737 330 1796 Ah
339 1744 459 1817 pereat,
472 1738 655 1817 quicumque
665 1755 803 1797 meracas
814 1737 957 1817 repperit
966 1754 1039 1797 uras

320 1819 529 1899 Gonupitqne
539 1822 635 1880 bonas
649 1827 777 1880 nectare
788 1821 905 1900 primus
917 1821 1025 1900 aquas!

279 1903 364 1963 lcare
377 1902 537 1981 Cecropiis
548 1904 659 1981 merito
670 1901 808 1981 iugulate
820 1903 948 1982 colonis,

227 1996 262 2048 30
323 1985 508 2065 Pampineus
519 1987 601 2044 nosti
613 2005 703 2063 quam
714 1987 756 2044 sit
766 2002 886 2045 amarus
896 1984 984 2048 odor.

279 2068 329 2129 Tu
341 2086 464 2148 quoque
476 2067 657 2146 oEurytion
667 2069 738 2126 vino
751 2067 907 2128 (tentaure
918 2070 1040 2149 peristi,

319 2152 384 2212 Nec
394 2172 458 2212 non
467 2151 593 2212 Ismario
604 2157 649 2230 tu,
658 2148 863 2232 Polypheme,
877 2169 974 2215 mero.

279 2237 360 2300 Vino
371 2236 471 2296 forma
480 2237 574 2316 perit,
586 2236 657 2296 vino
670 2236 878 2315 corrumpitur
889 2240 984 2315 aetas,

317 2320 399 2382 Vino
411 2338 503 2401 saepe
515 2339 602 2380 snum
612 2320 715 2380 nescit
725 2320 821 2378 amica
830 2320 936 2380 virum.

224 2412 257 2466 35
278 2404 334 2464 Mc
344 2405 501 2482 miserum,
512 2409 547 2462 nt
557 2400 654 2462 multo
665 2401 746 2462 nihil
758 2408 807 2462 est
816 2404 1059 2483 mutataLyseo!

319 2486 481 2547 lambibe:
501 2487 697 2547 for-moraes:
718 2484 1049 2565 niltibiuinanoeent,

277 2570 355 2631 cam
369 2577 422 2631 tua
431 2568 647 2651 praependent
657 2569 809 2631 demirare
819 2570 853 2628 in
862 2568 974 2650 pocula
984 2577 1086 2632 sertae

317 2655 360 2715 lit
372 2673 441 2715 meu
452 2653 584 2714 deducta
594 2655 730 2713 carm1na
738 2670 814 2713 voce
823 2651 911 2731 legis.

227 2787 231 2796 .
276 2737 405 2817 Largius
417 2737 515 2798 effuso
527 2736 648 2798 madeat
658 2738 717 2797 tibi
727 2755 833 2798 mensa
841 2735 990 2816 Falerno,

223 2829 257 2882 40
319 2821 449 2902 Spumet
458 2829 492 2882 et
502 2828 607 2883 aurato
619 2819 745 2882 mollius
755 2821 788 2882 in
800 2819 904 2883 calice.

277 2903 371 2967 Nulla
382 2912 485 2967 tamen
493 2903 577 2967 lecto
588 2906 704 2986 recipit
713 2924 747 2966 se
758 2902 826 2966 sola
834 2904 987 2971 libenter:

317 2991 376 3050 Est
386 2990 541 3068 quiddam,
554 2988 637 3068 quod
646 3009 701 3049 vos
715 3007 866 3069 quaerere
878 2996 968 3068 cogat
977 2991 1083 3051 Amor.

278 3072 409 3150 Semper
419 3074 453 3130 in
464 3074 599 3130 absentis
611 3070 736 3131 felicior
747 3078 850 3131 aestus
860 3079 1010 3132 amantes:

317 3152 429 3214 Elevat
442 3153 579 3213 assiduos
591 3153 679 3230 copia
689 3150 781 3230 longa
792 3155 883 3213 viros.

206 3286 263 3380 32
280 3283 1147 3398 (larqnisquamiaciemdominaeiamcreditamicoi34
1271 3316 1273 3391 j

320 3403 371 3462 Sic
383 3406 492 3481 erepta
502 3401 578 3460 mihi
587 3418 687 3480 paene
698 3400 802 3481 puella
811 3420 880 3462 mea
889 3408 946 3462 est.

278 3487 434 3565 Expertus
446 3483 526 3563 dico,
537 3503 628 3545 nemo
640 3486 733 3546 estin
744 3504 849 3547 amore
860 3482 979 3545 fidelisz

319 3569 499 3629 Formosam
510 3588 581 3629 raro
591 3589 654 3629 non
665 3570 724 3630 sibi
737 3572 867 3649 quisque
876 3569 967 3648 petit.

244 3660 259 3713 5
280 3650 396 3713 Polluit
406 3649 462 3713 ille
474 3652 550 3713 deus
563 3659 719 3732 cognatos,
731 3651 822 3713 solvit
833 3654 944 3712 amicos
