2717 4325
188 449 232 515 ld
486 442 854 507 PROl'lili'rll

315 616 350 678 Si
361 636 421 697 qus
430 616 517 677 venit
527 632 611 693 sero,
622 613 832 693 magnardine
841 614 936 677 venit.

275 702 326 763 'l’n
334 708 438 761 tumen
448 702 581 777 interes,
594 699 730 779 quamvis
740 703 774 759 te
785 695 897 776 diligat
907 696 974 779 111ι,

219 795 255 852 30
316 786 458 847 lntucitc
470 784 584 845 cohibe
595 782 707 862 gsndiu
717 778 823 842 elcese
833 783 912 842 sinu.

272 868 411 949 Namque
421 871 455 928 in
467 885 573 928 umore
584 884 639 927 suc
651 883 776 946 semper
786 885 841 926 suc
850 867 981 927 muximu
994 868 1108 948 cuique

315 952 428 1014 Nescio
441 970 501 1031 quo
512 955 604 1031 pecto
615 952 711 1011 verbu
723 966 840 1009 nocere
851 946 965 1011 solent.
1021 1026 1025 1032 Ι

273 1038 624 1116 Quamvisteperssepe
635 1040 737 1110 vocet,
747 1032 1086 1095 semeliremementc:

313 1120 461 1181 Invidiam
473 1116 556 1199 quud
567 1118 673 1194 hebet,
683 1136 747 1177 nun
755 1115 839 1179 solet
850 1135 920 1180 esse
931 1117 994 1179 diu

219 1213 255 1268 ³⁵
275 1205 319 1267 At
329 1206 356 1265 si
367 1203 470 1265 ssecln
479 1204 587 1263 iurent
597 1202 733 1280 antiquis
743 1207 831 1279 grets
840 1199 966 1283 puellis,

313 1289 424 1350 Essem
434 1306 504 1367 ego,
517 1284 601 1365 quud
611 1304 694 1347 nune
703 1291 755 1345 tu:
775 1293 919 1366 tempure
931 1287 1039 1347 vincor
1050 1304 1118 1367 ege.

272 1371 342 1433 Nun
355 1380 458 1433 tumen
470 1372 532 1431 ists
541 1388 626 1431 meus
638 1370 800 1430 muubunt
810 1369 934 1431 saecule
943 1388 1062 1431 mures:

312 1457 532 1536 Unusquisque
543 1474 598 1515 suu
607 1454 731 1514 noverit
740 1455 790 1514 ire
799 1455 857 1515 vis.

272 1541 316 1601 At
325 1560 390 1619 vus,
402 1540 456 1620 qui
466 1540 571 1599 cilicis
579 1539 613 1597 in
623 1536 737 1599 multus
747 1539 900 1599 revocatis
910 1556 1043 1617 umores,

217 1632 253 1688 40
315 1625 469 1701 Quantum
479 1624 525 1682 ie
538 1623 656 1681 cruciet
664 1619 781 1681 luminu
791 1628 896 1683 vestre
905 1620 1011 1683 dolor!

271 1706 404 1772 Vidistis
414 1705 510 1786 plenu
520 1711 661 1764 tenerum
674 1703 809 1765 rendere
819 1705 965 1787 puellum,

312 1790 445 1853 Vidistis
456 1789 555 1867 fusco,
567 1787 653 1849 ducit
663 1789 796 1868 uterque
806 1789 908 1851 culcr:

271 1873 403 1939 Vidistis
415 1872 566 1954 quandem
576 1873 691 1953 Argius
699 1872 828 1953 prodire
839 1875 947 1954 figure,

312 1957 445 2022 Vidistis
455 1965 588 2034 nostrus,
599 1962 731 2036 utruque
741 1957 842 2019 ferme
851 1960 949 2039 rupit:

216 2052 252 2108 45
271 2040 392 2122 llluque
401 2041 528 2124 plebeio
539 2041 590 2103 vel
601 2043 643 2102 sit
653 2040 787 2102 sandicis
799 2044 922 2122 amictu,

312 2128 399 2190 iiuec
409 2133 502 2209 utque
512 2126 566 2188 ills
575 2125 647 2188 muli
657 2124 794 2188 vulneris
808 2148 869 2189 unu
877 2128 927 2189 riu
937 2132 1003 2203 est;

271 2214 349 2275 cun
360 2215 434 2273 sctis
444 2231 505 2272 unu
514 2213 576 2272 tuis
587 2212 739 2272 insomnis
748 2218 855 2291 portet
868 2210 990 2290 ocellis,

311 2299 381 2358 Une
391 2298 432 2357 sit
443 2303 476 2356 et
486 2295 582 2356 cuivis
592 2295 709 2355 lemine
720 2294 817 2356 mults
825 2295 914 2359 mula.

198 2429 253 2525 21
270 2427 350 2526 Vidi
359 2471 393 2526 te
404 2467 438 2528 in
449 2466 563 2527 somnis
573 2466 683 2545 fructu,
694 2466 844 2544 meuritc,
856 2467 961 2526 cerins
1085 2430 1141 2525 20

311 2548 502 2612 luniciussus
514 2550 629 2611 ducere
640 2568 841 2626 sorentum,

267 2633 310 2696 llt
324 2653 533 2716 quaecumque
544 2638 577 2696 in
587 2653 636 2696 me
647 2635 752 2696 iuerus
762 2634 892 2694 mentite
901 2633 1006 2713 interi,

308 2717 375 2779 Nec
386 2721 446 2780 iem
457 2721 587 2779 humore
598 2738 707 2798 graves
717 2716 834 2778 tollere
844 2736 937 2798 pusse
949 2737 1063 2798 eomes,

231 2809 247 2863 5
269 2800 398 2879 Qualem
407 2803 573 2881 purpureis
584 2803 727 2879 ugitutum
736 2803 881 2862 fluctibus
891 2800 1020 2882 Hellen,

307 2885 413 2944 Aures
422 2903 511 2962 quum
522 2883 610 2944 mclii
621 2891 749 2962 tergore
758 2888 841 2947 vexit
852 2888 927 2949 uris.

267 2970 365 3047 Quum
375 2969 475 3046 timui,
485 2986 526 3027 ne
536 2968 620 3028 forte
631 2974 717 3030 tuum
728 2988 813 3030 mere
826 2989 940 3032 numen
950 2971 1093 3050 heberet,

306 3053 410 3133 Atque
421 3057 474 3112 tue
486 3051 596 3113 lubens
606 3055 708 3116 nuvitu
717 3055 812 3114 lieret
823 3056 916 3135 equs!
1048 3084 1050 3089 v

266 3137 351 3214 Quae
363 3144 428 3199 tum
435 3137 655 3219 egoNeptuno,
667 3146 893 3219 qusetumcum
899 3137 1139 3219 castoreirutrl,

212 3228 247 3283 10
308 3221 456 3302 Quaeque
467 3223 526 3284 tibi
536 3223 802 3304 excepitum,deu
811 3223 1015 3284 Leucotheei

265 3306 308 3365 At
317 3310 362 3383 tu,
378 3308 427 3366 vix
436 3310 551 3387 primns
563 3306 719 3368 extollens
730 3309 852 3387 gurgite
863 3307 991 3388 primns,

307 3388 406 3469 Suepe
417 3408 520 3452 meum
531 3409 644 3451 numen
654 3393 716 3452 iam
725 3393 867 3472 periture
875 3412 976 3453 uncus.

266 3471 357 3550 Quod
366 3474 393 3533 si
402 3474 486 3534 forte
497 3480 568 3534 tuos
577 3473 708 3535 vidiset
719 3475 853 3538 Glaucus
864 3474 993 3554 ocellos,
1078 3499 1083 3508 ·

303 3557 811 3638 Esseslcniileutepuellnmuris‚

212 3648 246 3703 1⁵
265 3641 308 3704 lit
320 3642 379 3702 tibi
390 3643 429 3704 ob
440 3641 585 3704 invidiam
595 3642 749 3705 Nereides
759 3644 996 3725 increpitarent,

305 3724 445 3787 Candida
454 3728 586 3804 Nesaee,
598 3727 723 3789 cserulu
733 3727 915 3809 Gymutlroe.
