2717 4325
496 397 643 460 llBllLLl
664 399 733 460 llll.
750 399 785 461 ll.
801 410 827 463 3.
843 411 869 462 4.

213 567 351 629 Horrida
373 566 481 629 villosa
503 587 636 650 corpora
657 574 745 629 verte
764 575 879 648 tegant.

170 653 259 713 Nunc
281 654 308 712 ui
329 649 433 713 clausa
454 671 523 713 mea
542 659 607 731 eat,
631 654 656 714 ei
681 655 861 734 copiarum
882 652 1026 735 videndi,

213 738 285 799 Heu
305 737 470 816 miserum,
490 735 590 798 laxam
613 737 687 817 quid
708 740 791 798 iuvat
813 756 883 798 esse
905 740 1031 817 togam?

170 821 297 882 Ducite:
319 820 358 880 ad
379 823 542 903 imperium
565 822 707 882 dominae
730 821 915 883 sulcabimus
937 842 1042 902 agros:

212 905 280 966 Non
304 923 362 984 ego
384 926 434 967 me
455 905 566 966 vinclis
587 907 833 985 verberibusque
855 925 945 986 nego.
1143 915 1180 972 80

640 1123 700 1186 IV.

170 1205 237 1300 llic·
254 1240 330 1300 mihi
348 1241 508 1302 servitium
528 1241 619 1301 video
641 1240 857 1320 dominamque
878 1247 1031 1321 paratam:

214 1325 277 1384 lam
297 1324 391 1402 milri,
411 1323 542 1386 libertae
562 1324 619 1386 illa
639 1331 787 1405 paterna,
804 1323 883 1385 vale.

176 1407 345 1470 Servitium
367 1406 425 1469 recl
446 1410 539 1470 triete
561 1408 669 1488 datur,
692 1416 866 1488 teneorque
889 1410 1024 1488 catenis,

213 1491 430 1575 Et'nunquam
451 1495 565 1556 minero
587 1491 690 1555 vincla
712 1495 846 1554 remittit
867 1493 979 1571 Amor,

169 1579 212 1642 ut
232 1597 287 1641 eeu
307 1579 382 1660 quid
401 1580 500 1642 merul
521 1577 670 1658 seuquid
690 1580 900 1660 peccavimus,
923 1579 995 1642 urit.
1162 1587 1179 1641 i

213 1665 297 1726 Uror
317 1667 365 1725 io:
387 1685 529 1745 remove,
550 1681 640 1727 saeva
660 1662 782 1744 puella,
805 1663 898 1724 faces.

173 1749 200 1809 0
223 1767 280 1826 ego
297 1767 338 1809 ue
355 1751 473 1829 poesim
493 1750 571 1811 tales
589 1750 708 1811 sentire
732 1747 874 1828 dolores,

215 1833 311 1908 Quam
331 1831 455 1894 mallem
476 1835 509 1894 in
531 1833 644 1913 gelidis
666 1835 822 1895 montibus
842 1851 911 1894 cese
933 1829 1031 1914 lapis,

173 1916 263 1977 Stare
285 1915 337 1976 vel
355 1917 471 1977 insanie
494 1925 599 1980 cautes
620 1919 752 1980 obnoxia
773 1919 890 1995 ventio,
955 1950 959 1958 v

214 1998 368 2079 Naufraga
390 2021 480 2081 quam
500 2005 579 2063 raeti
599 2002 749 2063 tunderet
768 2001 850 2062 unda
872 2003 980 2062 marie!
1146 2012 1180 2064 10

171 2085 259 2145 Nunc
281 2090 314 2144 et
335 2104 436 2145 amara
458 2085 527 2159 dica
547 2093 582 2147 et
600 2089 702 2147 uoctis
727 2087 859 2146 amarior
880 2087 988 2146 umbra
1010 2091 1073 2146 eet:

215 2170 324 2230 Omnia
346 2190 416 2231 nam
438 2171 523 2231 tristi
544 2177 686 2253 tempora
707 2169 785 2232 felle
807 2167 940 2231 madent.

171 2254 237 2316 Nec
257 2260 390 2334 prosunt
411 2253 494 2334 elegi
515 2273 575 2315 nec
594 2256 739 2316 carmini·
762 2261 869 2314 auctor
888 2249 1019 2335 Apollo:

213 2336 270 2399 llla
292 2358 364 2399 cava
385 2340 521 2420 pretium
540 2340 660 2419 iiagitat
677 2356 775 2418 usque
796 2357 895 2398 manu.

171 2422 218 2484 lte
238 2423 364 2504 procul,
384 2424 510 2502 Mosae,
531 2425 558 2484 ei
577 2442 640 2484 non
658 2424 817 2504 prodeatis
837 2424 979 2483 amanti:'
1147 2430 1178 2485 15

214 2508 284 2568 Non
303 2525 361 2587 ego
382 2527 452 2587 voe,
473 2515 508 2568 ut
529 2510 592 2569 aiot
613 2505 695 2569 bella
717 2505 871 2586 canenda,
894 2506 979 2585 colo,

171 2592 237 2653 Nec
257 2592 364 2653 refero
387 2592 524 2671 solioque
546 2593 610 2653 viae
632 2597 665 2652 et
688 2592 805 2672 qualis,
822 2593 875 2651 ubi
899 2594 1006 2651 orbem

215 2675 407 2757 Complevit,
427 2680 525 2738 versis
544 2676 632 2738 Luna
652 2678 790 2738 recurrit
810 2677 907 2756 equis.

172 2761 222 2822 ud
244 2759 397 2823 dominam
418 2761 526 2822 faciles
547 2761 648 2824 edituo
664 2780 724 2843 per
746 2762 879 2823 carmina
901 2778 1029 2839 quaero:

214 2846 261 2906 lte
281 2844 406 2928 procul,
426 2846 553 2925 Musae,
575 2847 602 2907 ei
623 2845 704 2907 nihil
726 2847 785 2907 iata
806 2846 918 2909 ualent.
1145 2852 1180 2908 20

172 2930 217 2991 At
236 2931 313 2991 mihi
334 2949 392 3011 per
413 2931 541 2992 caedem
565 2937 598 2991 et
618 2930 738 2992 facinus
756 2936 827 2991 sunt
848 2930 929 2990 dona
949 2927 1103 3011 paranda,

214 3015 262 3076 Ne
284 3017 399 3076 iaceam
422 3014 556 3076 clausam
575 3015 692 3077 flebilis
712 3019 785 3075 ante
808 3014 944 3075 domum:

174 3101 237 3160 Aut
257 3102 374 3181 rapiam
395 3118 543 3181 ruopenea
564 3100 644 3160 focio
665 3100 798 3179 insignia
819 3102 930 3160 sacris:

215 3182 280 3245 Sed
301 3185 408 3247 Veoua
430 3191 502 3245 ante
524 3183 602 3245 aliua
623 3189 672 3244 est
692 3182 833 3245 violanda
854 3185 938 3244 mihi.

173 3264 230 3331 llla
250 3266 363 3329 malum
382 3267 502 3330 facinus
519 3268 629 3329 madet
650 3267 865 3348 dominamque
886 3285 1029 3350 rapacem
1146 3274 1181 3329 ii

215 3353 274 3414 liat
295 3354 386 3413 mihi:
408 3351 576 3431 sacrilegas
598 3352 713 3414 sentiat
733 3349 789 3412 illa
810 3372 925 3418 manus.

174 3437 200 3498 0
223 3444 352 3519 pereat,
376 3439 551 3519 quicunque
572 3435 652 3517 legit
671 3437 849 3517 viridesque
870 3434 1047 3515 smaragdos

213 3520 256 3582 Et
275 3523 396 3583 niveam
417 3522 514 3602 Tyrio
537 3523 655 3583 murice
677 3522 771 3601 tingit
791 3538 888 3582 ovem.

171 3606 232 3666 llio
255 3603 308 3666 (lat
327 3608 473 3668 avaritiae
495 3626 601 3667 caueae
619 3611 651 3666 et
675 3607 740 3667 (loa
760 3602 875 3685 puellis

213 3690 320 3753 Vestis
342 3696 375 3751 et
394 3710 413 3752 e
434 3693 530 3753 rubro
551 3688 657 3751 lucida
677 3689 795 3749 concha
815 3690 901 3749 mari.
1146 3702 1182 3759 m
