<?xml version="1.0" encoding="UTF-8"?>
<!DOCTYPE html PUBLIC "-//W3C//DTD XHTML 1.0 Transitional//EN"
    "http://www.w3.org/TR/xhtml1/DTD/xhtml1-transitional.dtd">
<html xmlns="http://www.w3.org/1999/xhtml" xml:lang="en" lang="en">
 <head>
  <title>
</title>
<meta http-equiv="Content-Type" content="text/html;charset=utf-8" />
  <meta name='ocr-system' content='tesseract 3.04.00' />
  <meta name='ocr-capabilities' content='ocr_page ocr_carea ocr_par ocr_line ocrx_word'/>
</head>
<body>
  <div class='ocr_page' id='page_1' title='image "./qvaleriicatulli00rossgoog_0154.png"; bbox 0 0 2717 4325; ppageno 0'>
   <div class='ocr_carea' id='block_1_1' title="bbox 208 434 883 502">
    <p class='ocr_par' dir='ltr' id='par_1_1' title="bbox 208 434 883 502">
     <span class='ocr_line' id='line_1_1' title="bbox 208 434 883 502; baseline 0.003 -2"><span class='ocrx_word' id='word_1_1' title='bbox 208 439 250 500; x_wconf 84' lang='grc'><strong>46</strong></span> <span class='ocrx_word' id='word_1_2' title='bbox 539 434 685 498; x_wconf 80' lang='grc' dir='ltr'><strong>11Β11111</strong></span> <span class='ocrx_word' id='word_1_3' title='bbox 706 435 773 497; x_wconf 81' lang='lat' dir='ltr'><strong>llll.</strong></span> <span class='ocrx_word' id='word_1_4' title='bbox 792 436 841 497; x_wconf 88' lang='lat' dir='ltr'><strong>IV.</strong></span> <span class='ocrx_word' id='word_1_5' title='bbox 859 450 883 502; x_wconf 91' lang='lat'><strong>1.</strong></span> 
     </span>
    </p>
   </div>
   <div class='ocr_carea' id='block_1_2' title="bbox 201 603 1276 3808">
    <p class='ocr_par' dir='ltr' id='par_1_2' title="bbox 206 603 1220 1342">
     <span class='ocr_line' id='line_1_2' title="bbox 207 603 1220 692; baseline 0.003 -23"><span class='ocrx_word' id='word_1_6' title='bbox 207 607 274 670; x_wconf 86' lang='lat' dir='ltr'><strong>Nec</strong></span> <span class='ocrx_word' id='word_1_7' title='bbox 296 607 420 686; x_wconf 88' lang='lat' dir='ltr'><strong>quaeris</strong></span> <span class='ocrx_word' id='word_1_8' title='bbox 441 603 516 685; x_wconf 88' lang='lat' dir='ltr'><strong>quid</strong></span> <span class='ocrx_word' id='word_1_9' title='bbox 539 623 660 685; x_wconf 90' lang='lat' dir='ltr'><strong>quaque</strong></span> <span class='ocrx_word' id='word_1_10' title='bbox 682 604 777 666; x_wconf 82' lang='lat' dir='ltr'><strong>index</strong></span> <span class='ocrx_word' id='word_1_11' title='bbox 798 608 853 667; x_wconf 85' lang='lat' dir='ltr'><strong>sub</strong></span> <span class='ocrx_word' id='word_1_12' title='bbox 877 608 1010 687; x_wconf 73' lang='lat' dir='ltr'><strong>imagine</strong></span> <span class='ocrx_word' id='word_1_13' title='bbox 1034 608 1132 692; x_wconf 86' lang='lat' dir='ltr'><strong>dicat,</strong></span> <span class='ocrx_word' id='word_1_14' title='bbox 1183 626 1220 680; x_wconf 84' lang='lat'><strong>30</strong></span> 
     </span>
     <span class='ocr_line' id='line_1_3' title="bbox 208 688 1067 770; baseline 0.006 -20"><span class='ocrx_word' id='word_1_15' title='bbox 208 688 273 751; x_wconf 88' lang='lat' dir='ltr'><strong>Sed</strong></span> <span class='ocrx_word' id='word_1_16' title='bbox 291 691 417 770; x_wconf 86' lang='lat' dir='ltr'><strong>generis</strong></span> <span class='ocrx_word' id='word_1_17' title='bbox 437 690 557 770; x_wconf 87' lang='lat' dir='ltr'><strong>priscos</strong></span> <span class='ocrx_word' id='word_1_18' title='bbox 581 689 744 750; x_wconf 76' lang='lat' dir='ltr'><strong>contendis</strong></span> <span class='ocrx_word' id='word_1_19' title='bbox 766 692 891 752; x_wconf 86' lang='lat' dir='ltr'><strong>vincere</strong></span> <span class='ocrx_word' id='word_1_20' title='bbox 913 692 1067 770; x_wconf 77' lang='lat' dir='ltr'><strong>honores,</strong></span> 
     </span>
     <span class='ocr_line' id='line_1_4' title="bbox 209 772 1011 855; baseline 0.004 -20"><span class='ocrx_word' id='word_1_21' title='bbox 209 775 306 851; x_wconf 78' lang='lat' dir='ltr'><strong>Quam</strong></span> <span class='ocrx_word' id='word_1_22' title='bbox 325 775 384 835; x_wconf 88' lang='lat' dir='ltr'><strong>tibi</strong></span> <span class='ocrx_word' id='word_1_23' title='bbox 405 773 537 834; x_wconf 83' lang='lat' dir='ltr'><strong>maiores</strong></span> <span class='ocrx_word' id='word_1_24' title='bbox 559 775 654 834; x_wconf 90' lang='lat' dir='ltr'><strong>malus</strong></span> <span class='ocrx_word' id='word_1_25' title='bbox 676 772 770 836; x_wconf 87' lang='lat' dir='ltr'><strong>decus</strong></span> <span class='ocrx_word' id='word_1_26' title='bbox 791 777 859 855; x_wconf 88' lang='lat' dir='ltr'><strong>ipse</strong></span> <span class='ocrx_word' id='word_1_27' title='bbox 880 775 1011 838; x_wconf 76' lang='lat' dir='ltr'><strong>futuris:</strong></span> 
     </span>
     <span class='ocr_line' id='line_1_5' title="bbox 208 857 1007 939; baseline 0.005 -21"><span class='ocrx_word' id='word_1_28' title='bbox 208 860 251 918; x_wconf 87' lang='lat' dir='ltr'><strong>At</strong></span> <span class='ocrx_word' id='word_1_29' title='bbox 271 864 323 919; x_wconf 89' lang='lat' dir='ltr'><strong>tua</strong></span> <span class='ocrx_word' id='word_1_30' title='bbox 343 877 407 918; x_wconf 90' lang='lat' dir='ltr'><strong>non</strong></span> <span class='ocrx_word' id='word_1_31' title='bbox 429 857 538 918; x_wconf 81' lang='lat' dir='ltr'><strong>titulus</strong></span> <span class='ocrx_word' id='word_1_32' title='bbox 558 858 661 938; x_wconf 87' lang='lat' dir='ltr'><strong>capiet</strong></span> <span class='ocrx_word' id='word_1_33' title='bbox 682 860 739 919; x_wconf 86' lang='lat' dir='ltr'><strong>sub</strong></span> <span class='ocrx_word' id='word_1_34' title='bbox 764 861 888 920; x_wconf 92' lang='lat' dir='ltr'><strong>nomine</strong></span> <span class='ocrx_word' id='word_1_35' title='bbox 908 861 1007 939; x_wconf 81' lang='lat' dir='ltr'><strong>iacta,</strong></span> 
     </span>
     <span class='ocr_line' id='line_1_6' title="bbox 207 940 1055 1025; baseline 0.005 -23"><span class='ocrx_word' id='word_1_36' title='bbox 207 943 347 1002; x_wconf 89' lang='lat' dir='ltr'><strong>Aeterno</strong></span> <span class='ocrx_word' id='word_1_37' title='bbox 370 940 427 1003; x_wconf 91' lang='lat' dir='ltr'><strong>sed</strong></span> <span class='ocrx_word' id='word_1_38' title='bbox 449 949 542 1003; x_wconf 90' lang='lat' dir='ltr'><strong>erunt</strong></span> <span class='ocrx_word' id='word_1_39' title='bbox 561 943 620 1003; x_wconf 88' lang='lat' dir='ltr'><strong>tibi</strong></span> <span class='ocrx_word' id='word_1_40' title='bbox 641 961 749 1022; x_wconf 86' lang='lat' dir='ltr'><strong>magna</strong></span> <span class='ocrx_word' id='word_1_41' title='bbox 770 941 925 1004; x_wconf 82' lang='lat' dir='ltr'><strong>volumina</strong></span> <span class='ocrx_word' id='word_1_42' title='bbox 945 964 1055 1025; x_wconf 81' lang='lat' dir='ltr'><strong>versu,</strong></span> 
     </span>
     <span class='ocr_line' id='line_1_7' title="bbox 208 1024 1218 1107; baseline 0.002 -19"><span class='ocrx_word' id='word_1_43' title='bbox 208 1027 464 1105; x_wconf 77' lang='lat' dir='ltr'><strong>Convenieutque</strong></span> <span class='ocrx_word' id='word_1_44' title='bbox 486 1033 553 1087; x_wconf 88' lang='lat' dir='ltr'><strong>tuas</strong></span> <span class='ocrx_word' id='word_1_45' title='bbox 577 1024 682 1106; x_wconf 94' lang='lat' dir='ltr'><strong>cupidi</strong></span> <span class='ocrx_word' id='word_1_46' title='bbox 704 1046 892 1107; x_wconf 87' lang='lat' dir='ltr'><strong>componere</strong></span> <span class='ocrx_word' id='word_1_47' title='bbox 913 1027 1022 1090; x_wconf 84' lang='lat' dir='ltr'><strong>laudes</strong></span> <span class='ocrx_word' id='word_1_48' title='bbox 1183 1043 1218 1097; x_wconf 78' lang='lat'><strong>35</strong></span> 
     </span>
     <span class='ocr_line' id='line_1_8' title="bbox 208 1109 1131 1192; baseline 0.002 -20"><span class='ocrx_word' id='word_1_49' title='bbox 208 1109 355 1190; x_wconf 79' lang='lat' dir='ltr'><strong>Undique</strong></span> <span class='ocrx_word' id='word_1_50' title='bbox 377 1113 493 1190; x_wconf 87' lang='lat' dir='ltr'><strong>quique</strong></span> <span class='ocrx_word' id='word_1_51' title='bbox 515 1117 628 1171; x_wconf 85' lang='lat' dir='ltr'><strong>canent</strong></span> <span class='ocrx_word' id='word_1_52' title='bbox 648 1112 753 1171; x_wconf 83' lang='lat' dir='ltr'><strong>vincto</strong></span> <span class='ocrx_word' id='word_1_53' title='bbox 774 1109 857 1192; x_wconf 88' lang='lat' dir='ltr'><strong>pede</strong></span> <span class='ocrx_word' id='word_1_54' title='bbox 880 1113 994 1192; x_wconf 89' lang='lat' dir='ltr'><strong>quique</strong></span> <span class='ocrx_word' id='word_1_55' title='bbox 1017 1112 1131 1176; x_wconf 88' lang='lat' dir='ltr'><strong>soluto.</strong></span> 
     </span>
     <span class='ocr_line' id='line_1_9' title="bbox 207 1195 1175 1277; baseline 0 -23"><span class='ocrx_word' id='word_1_56' title='bbox 207 1195 283 1271; x_wconf 81' lang='lat' dir='ltr'><strong>Quis</strong></span> <span class='ocrx_word' id='word_1_57' title='bbox 303 1195 425 1274; x_wconf 85' lang='lat' dir='ltr'><strong>potior,</strong></span> <span class='ocrx_word' id='word_1_58' title='bbox 447 1201 604 1256; x_wconf 87' lang='lat' dir='ltr'><strong>certamen</strong></span> <span class='ocrx_word' id='word_1_59' title='bbox 627 1195 705 1255; x_wconf 89' lang='lat' dir='ltr'><strong>erit:</strong></span> <span class='ocrx_word' id='word_1_60' title='bbox 729 1196 786 1254; x_wconf 89' lang='lat' dir='ltr'><strong>sim</strong></span> <span class='ocrx_word' id='word_1_61' title='bbox 804 1198 905 1257; x_wconf 80' lang='lat' dir='ltr'><strong>victor</strong></span> <span class='ocrx_word' id='word_1_62' title='bbox 926 1199 959 1256; x_wconf 92' lang='lat' dir='ltr'><strong>iu</strong></span> <span class='ocrx_word' id='word_1_63' title='bbox 980 1195 1062 1277; x_wconf 89' lang='lat' dir='ltr'><strong>illis,</strong></span> <span class='ocrx_word' id='word_1_64' title='bbox 1167 1239 1175 1254; x_wconf 76' lang='grc'><em>,</em></span> 
     </span>
     <span class='ocr_line' id='line_1_10' title="bbox 206 1277 1003 1342; baseline 0.004 -3"><span class='ocrx_word' id='word_1_65' title='bbox 206 1277 247 1340; x_wconf 85' lang='lat' dir='ltr'><strong>Ut</strong></span> <span class='ocrx_word' id='word_1_66' title='bbox 265 1284 405 1339; x_wconf 87' lang='lat' dir='ltr'><strong>nostrum</strong></span> <span class='ocrx_word' id='word_1_67' title='bbox 426 1281 522 1340; x_wconf 83' lang='lat' dir='ltr'><strong>tantis</strong></span> <span class='ocrx_word' id='word_1_68' title='bbox 543 1280 709 1339; x_wconf 73' lang='lat' dir='ltr'><strong>inscribam</strong></span> <span class='ocrx_word' id='word_1_69' title='bbox 731 1298 845 1340; x_wconf 91' lang='lat' dir='ltr'><strong>nomen</strong></span> <span class='ocrx_word' id='word_1_70' title='bbox 865 1282 898 1341; x_wconf 87' lang='lat' dir='ltr'><strong>ln</strong></span> <span class='ocrx_word' id='word_1_71' title='bbox 918 1283 1003 1342; x_wconf 89' lang='lat' dir='ltr'><strong>actis.</strong></span> 
     </span>
    </p>

    <p class='ocr_par' dir='ltr' id='par_1_3' title="bbox 204 1363 1217 1863">
     <span class='ocr_line' id='line_1_11' title="bbox 248 1363 1034 1443; baseline -0.003 -17"><span class='ocrx_word' id='word_1_72' title='bbox 248 1363 325 1426; x_wconf 82' lang='lat' dir='ltr'><strong>Num</strong></span> <span class='ocrx_word' id='word_1_73' title='bbox 348 1364 417 1443; x_wconf 90' lang='lat' dir='ltr'><strong>quis</strong></span> <span class='ocrx_word' id='word_1_74' title='bbox 438 1370 470 1424; x_wconf 81' lang='lat' dir='ltr'><strong>te</strong></span> <span class='ocrx_word' id='word_1_75' title='bbox 491 1365 607 1424; x_wconf 86' lang='lat' dir='ltr'><strong>maiora</strong></span> <span class='ocrx_word' id='word_1_76' title='bbox 628 1365 711 1442; x_wconf 85' lang='lat' dir='ltr'><strong>gerit</strong></span> <span class='ocrx_word' id='word_1_77' title='bbox 732 1365 880 1425; x_wconf 79' lang='lat' dir='ltr'><strong>castrisue</strong></span> <span class='ocrx_word' id='word_1_78' title='bbox 901 1365 1034 1426; x_wconf 70' lang='lat' dir='ltr'><strong>lorove!</strong></span> 
     </span>
     <span class='ocr_line' id='line_1_12' title="bbox 204 1446 1217 1528; baseline 0.005 -20"><span class='ocrx_word' id='word_1_79' title='bbox 204 1447 270 1509; x_wconf 89' lang='lat' dir='ltr'><strong>Nec</strong></span> <span class='ocrx_word' id='word_1_80' title='bbox 290 1453 394 1508; x_wconf 89' lang='lat' dir='ltr'><strong>tamen</strong></span> <span class='ocrx_word' id='word_1_81' title='bbox 414 1449 466 1508; x_wconf 80' lang='lat' dir='ltr'><strong>laic</strong></span> <span class='ocrx_word' id='word_1_82' title='bbox 487 1455 540 1508; x_wconf 87' lang='lat' dir='ltr'><strong>aut</strong></span> <span class='ocrx_word' id='word_1_83' title='bbox 559 1449 611 1508; x_wconf 92' lang='lat' dir='ltr'><strong>hic</strong></span> <span class='ocrx_word' id='word_1_84' title='bbox 633 1449 691 1508; x_wconf 89' lang='lat' dir='ltr'><strong>tibi</strong></span> <span class='ocrx_word' id='word_1_85' title='bbox 709 1446 776 1508; x_wconf 89' lang='lat' dir='ltr'><strong>laus</strong></span> <span class='ocrx_word' id='word_1_86' title='bbox 797 1451 932 1509; x_wconf 89' lang='lat' dir='ltr'><strong>maiorve</strong></span> <span class='ocrx_word' id='word_1_87' title='bbox 954 1451 1109 1528; x_wconf 84' lang='lat' dir='ltr'><strong>minorve,</strong></span> <span class='ocrx_word' id='word_1_88' title='bbox 1184 1459 1217 1513; x_wconf 72' lang='lat' dir='ltr'><strong>lo</strong></span> 
     </span>
     <span class='ocr_line' id='line_1_13' title="bbox 205 1529 1042 1613; baseline 0.001 -20"><span class='ocrx_word' id='word_1_89' title='bbox 205 1533 288 1593; x_wconf 86' lang='lat' dir='ltr'><strong>lusto</strong></span> <span class='ocrx_word' id='word_1_90' title='bbox 308 1534 377 1613; x_wconf 89' lang='lat' dir='ltr'><strong>pari</strong></span> <span class='ocrx_word' id='word_1_91' title='bbox 397 1534 551 1613; x_wconf 89' lang='lat' dir='ltr'><strong>premitur</strong></span> <span class='ocrx_word' id='word_1_92' title='bbox 572 1529 670 1592; x_wconf 82' lang='lat' dir='ltr'><strong>veluti</strong></span> <span class='ocrx_word' id='word_1_93' title='bbox 692 1551 760 1592; x_wconf 90' lang='lat' dir='ltr'><strong>cum</strong></span> <span class='ocrx_word' id='word_1_94' title='bbox 782 1531 923 1612; x_wconf 87' lang='lat' dir='ltr'><strong>pondere</strong></span> <span class='ocrx_word' id='word_1_95' title='bbox 944 1531 1042 1612; x_wconf 85' lang='lat' dir='ltr'><strong>libra,</strong></span> 
     </span>
     <span class='ocr_line' id='line_1_14' title="bbox 205 1613 1129 1697; baseline 0.001 -20"><span class='ocrx_word' id='word_1_96' title='bbox 205 1617 308 1677; x_wconf 86' lang='lat' dir='ltr'><strong>Prona</strong></span> <span class='ocrx_word' id='word_1_97' title='bbox 330 1635 389 1676; x_wconf 91' lang='lat' dir='ltr'><strong>nec</strong></span> <span class='ocrx_word' id='word_1_98' title='bbox 408 1616 466 1678; x_wconf 89' lang='lat' dir='ltr'><strong>hac</strong></span> <span class='ocrx_word' id='word_1_99' title='bbox 485 1615 556 1697; x_wconf 93' lang='lat' dir='ltr'><strong>plus</strong></span> <span class='ocrx_word' id='word_1_100' title='bbox 573 1622 664 1696; x_wconf 88' lang='lat' dir='ltr'><strong>parte</strong></span> <span class='ocrx_word' id='word_1_101' title='bbox 686 1613 777 1675; x_wconf 90' lang='lat' dir='ltr'><strong>sedet</strong></span> <span class='ocrx_word' id='word_1_102' title='bbox 797 1635 856 1677; x_wconf 90' lang='lat' dir='ltr'><strong>nec</strong></span> <span class='ocrx_word' id='word_1_103' title='bbox 878 1620 978 1697; x_wconf 80' lang='lat' dir='ltr'><strong>surgit</strong></span> <span class='ocrx_word' id='word_1_104' title='bbox 999 1621 1036 1678; x_wconf 87' lang='lat' dir='ltr'><strong>ab</strong></span> <span class='ocrx_word' id='word_1_105' title='bbox 1057 1616 1129 1695; x_wconf 88' lang='lat' dir='ltr'><strong>illa,</strong></span> 
     </span>
     <span class='ocr_line' id='line_1_15' title="bbox 206 1697 1138 1783; baseline 0.002 -22"><span class='ocrx_word' id='word_1_106' title='bbox 206 1697 329 1777; x_wconf 81' lang='lat' dir='ltr'><strong>Qualis,</strong></span> <span class='ocrx_word' id='word_1_107' title='bbox 351 1701 550 1778; x_wconf 75' lang='lat' dir='ltr'><strong>inaequatum</strong></span> <span class='ocrx_word' id='word_1_108' title='bbox 572 1697 741 1777; x_wconf 89' lang='lat' dir='ltr'><strong>siquando</strong></span> <span class='ocrx_word' id='word_1_109' title='bbox 763 1719 841 1761; x_wconf 92' lang='lat' dir='ltr'><strong>onus</strong></span> <span class='ocrx_word' id='word_1_110' title='bbox 862 1710 955 1782; x_wconf 85' lang='lat' dir='ltr'><strong>urget</strong></span> <span class='ocrx_word' id='word_1_111' title='bbox 975 1704 1138 1783; x_wconf 82' lang='lat' dir='ltr'><strong>utrinque,</strong></span> 
     </span>
     <span class='ocr_line' id='line_1_16' title="bbox 205 1781 923 1863; baseline 0 -18"><span class='ocrx_word' id='word_1_112' title='bbox 205 1781 362 1845; x_wconf 87' lang='lat' dir='ltr'><strong>instabilis</strong></span> <span class='ocrx_word' id='word_1_113' title='bbox 383 1790 470 1844; x_wconf 86' lang='lat' dir='ltr'><strong>natat</strong></span> <span class='ocrx_word' id='word_1_114' title='bbox 491 1782 612 1844; x_wconf 89' lang='lat' dir='ltr'><strong>alterno</strong></span> <span class='ocrx_word' id='word_1_115' title='bbox 634 1782 816 1863; x_wconf 87' lang='lat' dir='ltr'><strong>depressior</strong></span> <span class='ocrx_word' id='word_1_116' title='bbox 836 1788 923 1847; x_wconf 88' lang='lat' dir='ltr'><strong>orbe.</strong></span> 
     </span>
    </p>

    <p class='ocr_par' dir='ltr' id='par_1_4' title="bbox 201 1866 1276 3920">
     <span class='ocr_line' id='line_1_17' title="bbox 246 1866 1214 1950; baseline 0.005 -22"><span class='ocrx_word' id='word_1_117' title='bbox 246 1867 324 1929; x_wconf 87' lang='lat' dir='ltr'><strong>Nam</strong></span> <span class='ocrx_word' id='word_1_118' title='bbox 342 1885 397 1928; x_wconf 90' lang='lat' dir='ltr'><strong>seu</strong></span> <span class='ocrx_word' id='word_1_119' title='bbox 420 1866 535 1928; x_wconf 85' lang='lat' dir='ltr'><strong>diversi</strong></span> <span class='ocrx_word' id='word_1_120' title='bbox 554 1867 667 1928; x_wconf 78' lang='lat' dir='ltr'><strong>fremat</strong></span> <span class='ocrx_word' id='word_1_121' title='bbox 687 1869 894 1931; x_wconf 80' lang='lat' dir='ltr'><strong>inconstantia</strong></span> <span class='ocrx_word' id='word_1_122' title='bbox 916 1869 1015 1950; x_wconf 80' lang='lat' dir='ltr'><strong>vulgi,</strong></span> <span class='ocrx_word' id='word_1_123' title='bbox 1181 1881 1214 1934; x_wconf 79' lang='lat'><strong>45</strong></span> 
     </span>
     <span class='ocr_line' id='line_1_18' title="bbox 204 1950 915 2032; baseline 0.001 -19"><span class='ocrx_word' id='word_1_124' title='bbox 204 1952 275 2013; x_wconf 90' lang='lat' dir='ltr'><strong>Non</strong></span> <span class='ocrx_word' id='word_1_125' title='bbox 296 1950 375 2014; x_wconf 86' lang='lat' dir='ltr'><strong>aliua</strong></span> <span class='ocrx_word' id='word_1_126' title='bbox 398 1951 509 2013; x_wconf 86' lang='lat' dir='ltr'><strong>sedare</strong></span> <span class='ocrx_word' id='word_1_127' title='bbox 530 1958 639 2032; x_wconf 85' lang='lat' dir='ltr'><strong>queat:</strong></span> <span class='ocrx_word' id='word_1_128' title='bbox 659 1971 715 2012; x_wconf 90' lang='lat' dir='ltr'><strong>seu</strong></span> <span class='ocrx_word' id='word_1_129' title='bbox 735 1952 846 2014; x_wconf 84' lang='lat' dir='ltr'><strong>iudicis</strong></span> <span class='ocrx_word' id='word_1_130' title='bbox 867 1956 915 2014; x_wconf 87' lang='lat' dir='ltr'><strong>ira</strong></span> 
     </span>
     <span class='ocr_line' id='line_1_19' title="bbox 205 2035 983 2118; baseline 0.003 -21"><span class='ocrx_word' id='word_1_131' title='bbox 205 2037 254 2098; x_wconf 88' lang='lat' dir='ltr'><strong>Sit</strong></span> <span class='ocrx_word' id='word_1_132' title='bbox 274 2035 440 2118; x_wconf 84' lang='lat' dir='ltr'><strong>placanda,</strong></span> <span class='ocrx_word' id='word_1_133' title='bbox 463 2038 525 2098; x_wconf 90' lang='lat' dir='ltr'><strong>tuis</strong></span> <span class='ocrx_word' id='word_1_134' title='bbox 545 2038 663 2118; x_wconf 88' lang='lat' dir='ltr'><strong>poterit</strong></span> <span class='ocrx_word' id='word_1_135' title='bbox 684 2038 850 2100; x_wconf 75' lang='lat' dir='ltr'><strong>mitescere</strong></span> <span class='ocrx_word' id='word_1_136' title='bbox 870 2041 983 2100; x_wconf 81' lang='lat' dir='ltr'><strong>verbis.</strong></span> 
     </span>
     <span class='ocr_line' id='line_1_20' title="bbox 204 2120 1048 2203; baseline 0 -19"><span class='ocrx_word' id='word_1_137' title='bbox 204 2121 273 2185; x_wconf 88' lang='lat' dir='ltr'><strong>Non</strong></span> <span class='ocrx_word' id='word_1_138' title='bbox 294 2120 390 2203; x_wconf 86' lang='lat' dir='ltr'><strong>Pylos</strong></span> <span class='ocrx_word' id='word_1_139' title='bbox 413 2129 466 2184; x_wconf 83' lang='lat' dir='ltr'><strong>out</strong></span> <span class='ocrx_word' id='word_1_140' title='bbox 483 2123 591 2184; x_wconf 87' lang='lat' dir='ltr'><strong>Ithace</strong></span> <span class='ocrx_word' id='word_1_141' title='bbox 611 2126 715 2183; x_wconf 86' lang='lat' dir='ltr'><strong>tantos</strong></span> <span class='ocrx_word' id='word_1_142' title='bbox 738 2124 883 2201; x_wconf 85' lang='lat' dir='ltr'><strong>genuisse</strong></span> <span class='ocrx_word' id='word_1_143' title='bbox 903 2124 1048 2185; x_wconf 80' lang='lat' dir='ltr'><strong>feruntur</strong></span> 
     </span>
     <span class='ocr_line' id='line_1_21' title="bbox 203 2206 1076 2289; baseline 0.001 -21"><span class='ocrx_word' id='word_1_144' title='bbox 203 2208 336 2268; x_wconf 89' lang='lat' dir='ltr'><strong>Nestora</strong></span> <span class='ocrx_word' id='word_1_145' title='bbox 356 2206 407 2267; x_wconf 81' lang='lat' dir='ltr'><strong>vel</strong></span> <span class='ocrx_word' id='word_1_146' title='bbox 428 2228 540 2289; x_wconf 85' lang='lat' dir='ltr'><strong>parvae</strong></span> <span class='ocrx_word' id='word_1_147' title='bbox 561 2225 702 2286; x_wconf 85' lang='lat' dir='ltr'><strong>magnum</strong></span> <span class='ocrx_word' id='word_1_148' title='bbox 724 2206 818 2267; x_wconf 84' lang='lat' dir='ltr'><strong>decus</strong></span> <span class='ocrx_word' id='word_1_149' title='bbox 839 2209 925 2268; x_wconf 88' lang='lat' dir='ltr'><strong>urbis</strong></span> <span class='ocrx_word' id='word_1_150' title='bbox 947 2207 1076 2288; x_wconf 82' lang='lat' dir='ltr'><strong>Ulixen,</strong></span> 
     </span>
     <span class='ocr_line' id='line_1_22' title="bbox 208 2290 1215 2374; baseline 0 -19"><span class='ocrx_word' id='word_1_151' title='bbox 208 2293 330 2355; x_wconf 85' lang='lat' dir='ltr'><strong>Vixerit</strong></span> <span class='ocrx_word' id='word_1_152' title='bbox 351 2290 408 2353; x_wconf 90' lang='lat' dir='ltr'><strong>ille</strong></span> <span class='ocrx_word' id='word_1_153' title='bbox 428 2311 524 2353; x_wconf 86' lang='lat' dir='ltr'><strong>senex</strong></span> <span class='ocrx_word' id='word_1_154' title='bbox 546 2293 698 2371; x_wconf 82' lang='lat' dir='ltr'><strong>quamvis,</strong></span> <span class='ocrx_word' id='word_1_155' title='bbox 722 2290 793 2352; x_wconf 92' lang='lat' dir='ltr'><strong>dum</strong></span> <span class='ocrx_word' id='word_1_156' title='bbox 814 2298 906 2352; x_wconf 87' lang='lat' dir='ltr'><strong>terna</strong></span> <span class='ocrx_word' id='word_1_157' title='bbox 927 2311 985 2374; x_wconf 86' lang='lat' dir='ltr'><strong>per</strong></span> <span class='ocrx_word' id='word_1_158' title='bbox 1007 2295 1115 2353; x_wconf 89' lang='lat' dir='ltr'><strong>orbem</strong></span> <span class='ocrx_word' id='word_1_159' title='bbox 1179 2304 1215 2355; x_wconf 90' lang='grc'><strong>50</strong></span> 
     </span>
     <span class='ocr_line' id='line_1_23' title="bbox 205 2375 960 2452; baseline 0.004 -17"><span class='ocrx_word' id='word_1_160' title='bbox 205 2375 335 2436; x_wconf 87' lang='lat' dir='ltr'><strong>Saecula</strong></span> <span class='ocrx_word' id='word_1_161' title='bbox 353 2375 512 2441; x_wconf 88' lang='lat' dir='ltr'><strong>fertilibus</strong></span> <span class='ocrx_word' id='word_1_162' title='bbox 534 2376 628 2437; x_wconf 83' lang='lat' dir='ltr'><strong>Titan</strong></span> <span class='ocrx_word' id='word_1_163' title='bbox 650 2376 836 2437; x_wconf 84' lang='lat' dir='ltr'><strong>decurreret</strong></span> <span class='ocrx_word' id='word_1_164' title='bbox 857 2377 960 2452; x_wconf 82' lang='lat' dir='ltr'><strong>horis,</strong></span> 
     </span>
     <span class='ocr_line' id='line_1_24' title="bbox 204 2459 905 2541; baseline 0.004 -21"><span class='ocrx_word' id='word_1_165' title='bbox 204 2459 260 2521; x_wconf 92' lang='lat' dir='ltr'><strong>llle</strong></span> <span class='ocrx_word' id='word_1_166' title='bbox 280 2462 480 2541; x_wconf 79' lang='lat' dir='ltr'><strong>perignotae</strong></span> <span class='ocrx_word' id='word_1_167' title='bbox 502 2461 600 2522; x_wconf 81' lang='lat' dir='ltr'><strong>audax</strong></span> <span class='ocrx_word' id='word_1_168' title='bbox 621 2462 774 2523; x_wconf 75' lang='lat' dir='ltr'><strong>enaverit</strong></span> <span class='ocrx_word' id='word_1_169' title='bbox 795 2462 905 2540; x_wconf 81' lang='lat' dir='ltr'><strong>urbes,</strong></span> 
     </span>
     <span class='ocr_line' id='line_1_25' title="bbox 204 2544 979 2622; baseline 0.003 -17"><span class='ocrx_word' id='word_1_170' title='bbox 204 2545 270 2622; x_wconf 79' lang='lat' dir='ltr'><strong>Qua</strong></span> <span class='ocrx_word' id='word_1_171' title='bbox 291 2546 384 2606; x_wconf 84' lang='lat' dir='ltr'><strong>maris</strong></span> <span class='ocrx_word' id='word_1_172' title='bbox 404 2547 550 2607; x_wconf 85' lang='lat' dir='ltr'><strong>extremis</strong></span> <span class='ocrx_word' id='word_1_173' title='bbox 571 2544 668 2607; x_wconf 88' lang='lat' dir='ltr'><strong>tellus</strong></span> <span class='ocrx_word' id='word_1_174' title='bbox 688 2544 859 2607; x_wconf 87' lang='lat' dir='ltr'><strong>includitur</strong></span> <span class='ocrx_word' id='word_1_175' title='bbox 880 2544 979 2607; x_wconf 89' lang='lat' dir='ltr'><strong>undis.</strong></span> 
     </span>
     <span class='ocr_line' id='line_1_26' title="bbox 203 2628 1085 2712; baseline 0 -22"><span class='ocrx_word' id='word_1_176' title='bbox 203 2628 279 2690; x_wconf 91' lang='lat' dir='ltr'><strong>Nam</strong></span> <span class='ocrx_word' id='word_1_177' title='bbox 300 2630 511 2710; x_wconf 75' lang='lat' dir='ltr'><strong>Ciconumque</strong></span> <span class='ocrx_word' id='word_1_178' title='bbox 532 2650 639 2691; x_wconf 91' lang='lat' dir='ltr'><strong>manus</strong></span> <span class='ocrx_word' id='word_1_179' title='bbox 660 2629 797 2691; x_wconf 80' lang='lat' dir='ltr'><strong>adversis</strong></span> <span class='ocrx_word' id='word_1_180' title='bbox 819 2629 959 2712; x_wconf 89' lang='lat' dir='ltr'><strong>reppulit</strong></span> <span class='ocrx_word' id='word_1_181' title='bbox 976 2631 1085 2708; x_wconf 90' lang='lat' dir='ltr'><strong>armis,</strong></span> 
     </span>
     <span class='ocr_line' id='line_1_27' title="bbox 202 2713 1214 2796; baseline 0.003 -22"><span class='ocrx_word' id='word_1_182' title='bbox 202 2713 269 2775; x_wconf 88' lang='lat' dir='ltr'><strong>Nec</strong></span> <span class='ocrx_word' id='word_1_183' title='bbox 289 2713 384 2775; x_wconf 87' lang='lat' dir='ltr'><strong>valuit</strong></span> <span class='ocrx_word' id='word_1_184' title='bbox 404 2713 488 2776; x_wconf 93' lang='lat' dir='ltr'><strong>lotos</strong></span> <span class='ocrx_word' id='word_1_185' title='bbox 510 2721 639 2796; x_wconf 88' lang='lat' dir='ltr'><strong>coeptos</strong></span> <span class='ocrx_word' id='word_1_186' title='bbox 658 2720 801 2775; x_wconf 86' lang='lat' dir='ltr'><strong>avertere</strong></span> <span class='ocrx_word' id='word_1_187' title='bbox 822 2733 945 2791; x_wconf 87' lang='lat' dir='ltr'><strong>cursus,</strong></span> <span class='ocrx_word' id='word_1_188' title='bbox 1180 2726 1214 2777; x_wconf 93' lang='grc'><strong>55</strong></span> 
     </span>
     <span class='ocr_line' id='line_1_28' title="bbox 204 2794 1217 2881; baseline -0.004 -23"><span class='ocrx_word' id='word_1_189' title='bbox 204 2798 307 2859; x_wconf 79' lang='lat' dir='ltr'><strong>Gessit</strong></span> <span class='ocrx_word' id='word_1_190' title='bbox 329 2806 362 2860; x_wconf 91' lang='lat' dir='ltr'><strong>et</strong></span> <span class='ocrx_word' id='word_1_191' title='bbox 383 2800 541 2864; x_wconf 87' lang='lat' dir='ltr'><strong>Aetnaeae</strong></span> <span class='ocrx_word' id='word_1_192' title='bbox 560 2799 732 2881; x_wconf 83' lang='lat' dir='ltr'><strong>Neptunius</strong></span> <span class='ocrx_word' id='word_1_193' title='bbox 754 2794 856 2857; x_wconf 85' lang='lat' dir='ltr'><strong>incola</strong></span> <span class='ocrx_word' id='word_1_194' title='bbox 875 2798 962 2878; x_wconf 87' lang='lat' dir='ltr'><strong>rupis</strong></span> <span class='ocrx_word' id='word_1_195' title='bbox 1212 2809 1217 2823; x_wconf 91' lang='grc'><strong><em>’</em></strong></span> 
     </span>
     <span class='ocr_line' id='line_1_29' title="bbox 203 2881 920 2945; baseline -0.007 0"><span class='ocrx_word' id='word_1_196' title='bbox 203 2883 294 2945; x_wconf 87' lang='lat' dir='ltr'><strong>Victa</strong></span> <span class='ocrx_word' id='word_1_197' title='bbox 312 2883 462 2945; x_wconf 87' lang='lat' dir='ltr'><strong>Maroneo</strong></span> <span class='ocrx_word' id='word_1_198' title='bbox 483 2883 628 2945; x_wconf 83' lang='lat' dir='ltr'><strong>foedatus</strong></span> <span class='ocrx_word' id='word_1_199' title='bbox 647 2882 763 2943; x_wconf 89' lang='lat' dir='ltr'><strong>lumina</strong></span> <span class='ocrx_word' id='word_1_200' title='bbox 782 2881 920 2941; x_wconf 85' lang='lat' dir='ltr'><strong>Baccho:</strong></span> 
     </span>
     <span class='ocr_line' id='line_1_30' title="bbox 201 2964 1017 3050; baseline -0.002 -21"><span class='ocrx_word' id='word_1_201' title='bbox 201 2966 296 3029; x_wconf 82' lang='lat' dir='ltr'><strong>Venit</strong></span> <span class='ocrx_word' id='word_1_202' title='bbox 317 2974 349 3029; x_wconf 94' lang='lat' dir='ltr'><strong>et</strong></span> <span class='ocrx_word' id='word_1_203' title='bbox 369 2967 498 3030; x_wconf 86' lang='lat' dir='ltr'><strong>Aeolios</strong></span> <span class='ocrx_word' id='word_1_204' title='bbox 517 2965 673 3050; x_wconf 89' lang='lat' dir='ltr'><strong>placidum</strong></span> <span class='ocrx_word' id='word_1_205' title='bbox 693 2984 752 3047; x_wconf 88' lang='lat' dir='ltr'><strong>per</strong></span> <span class='ocrx_word' id='word_1_206' title='bbox 771 2964 874 3026; x_wconf 88' lang='lat' dir='ltr'><strong>Nerea</strong></span> <span class='ocrx_word' id='word_1_207' title='bbox 894 2970 1017 3027; x_wconf 83' lang='lat' dir='ltr'><strong>ventos:</strong></span> 
     </span>
     <span class='ocr_line' id='line_1_31' title="bbox 202 3050 979 3131; baseline -0.001 -19"><span class='ocrx_word' id='word_1_208' title='bbox 202 3051 340 3114; x_wconf 89' lang='lat' dir='ltr'><strong>incultos</strong></span> <span class='ocrx_word' id='word_1_209' title='bbox 364 3053 441 3114; x_wconf 85' lang='lat' dir='ltr'><strong>adiit</strong></span> <span class='ocrx_word' id='word_1_210' title='bbox 458 3054 686 3131; x_wconf 80' lang='lat' dir='ltr'><strong>Laestrygonas</strong></span> <span class='ocrx_word' id='word_1_211' title='bbox 708 3050 979 3131; x_wconf 88' lang='lat' dir='ltr'><strong>Antiphatenque,</strong></span> 
     </span>
     <span class='ocr_line' id='line_1_32' title="bbox 201 3134 1276 3217; baseline -0.005 -20"><span class='ocrx_word' id='word_1_212' title='bbox 201 3136 323 3199; x_wconf 88' lang='lat' dir='ltr'><strong>Nobilis</strong></span> <span class='ocrx_word' id='word_1_213' title='bbox 343 3138 470 3199; x_wconf 85' lang='lat' dir='ltr'><strong>Artacie</strong></span> <span class='ocrx_word' id='word_1_214' title='bbox 492 3135 595 3217; x_wconf 81' lang='lat' dir='ltr'><strong>gelida</strong></span> <span class='ocrx_word' id='word_1_215' title='bbox 618 3153 695 3215; x_wconf 84' lang='lat' dir='ltr'><strong>quos</strong></span> <span class='ocrx_word' id='word_1_216' title='bbox 715 3135 827 3214; x_wconf 83' lang='lat' dir='ltr'><strong>irrigat</strong></span> <span class='ocrx_word' id='word_1_217' title='bbox 847 3134 946 3196; x_wconf 82' lang='lat' dir='ltr'><strong>unda:</strong></span> <span class='ocrx_word' id='word_1_218' title='bbox 1177 3146 1214 3201; x_wconf 79' lang='grc' dir='ltr'><strong>σο</strong></span> <span class='ocrx_word' id='word_1_219' title='bbox 1272 3140 1276 3147; x_wconf 85' lang='grc'><strong>’</strong></span> 
     </span>
     <span class='ocr_line' id='line_1_33' title="bbox 203 3216 1276 3300; baseline 0.001 -19"><span class='ocrx_word' id='word_1_220' title='bbox 203 3220 309 3282; x_wconf 89' lang='lat' dir='ltr'><strong>Solum</strong></span> <span class='ocrx_word' id='word_1_221' title='bbox 328 3241 387 3284; x_wconf 90' lang='lat' dir='ltr'><strong>nec</strong></span> <span class='ocrx_word' id='word_1_222' title='bbox 408 3220 519 3282; x_wconf 90' lang='lat' dir='ltr'><strong>doctae</strong></span> <span class='ocrx_word' id='word_1_223' title='bbox 537 3224 702 3281; x_wconf 84' lang='lat' dir='ltr'><strong>verterunt</strong></span> <span class='ocrx_word' id='word_1_224' title='bbox 722 3216 834 3300; x_wconf 90' lang='lat' dir='ltr'><strong>poeula</strong></span> <span class='ocrx_word' id='word_1_225' title='bbox 856 3220 982 3297; x_wconf 79' lang='lat' dir='ltr'><strong>(lirces,</strong></span> <span class='ocrx_word' id='word_1_226' title='bbox 1275 3228 1276 3245; x_wconf 66' lang='lat'>¹</span> 
     </span>
     <span class='ocr_line' id='line_1_34' title="bbox 202 3302 1275 3385; baseline -0.003 -18"><span class='ocrx_word' id='word_1_227' title='bbox 202 3307 345 3384; x_wconf 76' lang='lat' dir='ltr'><strong>Quamvis</strong></span> <span class='ocrx_word' id='word_1_228' title='bbox 365 3305 421 3366; x_wconf 91' lang='lat' dir='ltr'><strong>illa</strong></span> <span class='ocrx_word' id='word_1_229' title='bbox 441 3307 525 3366; x_wconf 83' lang='lat' dir='ltr'><strong>loret</strong></span> <span class='ocrx_word' id='word_1_230' title='bbox 548 3302 629 3365; x_wconf 89' lang='lat' dir='ltr'><strong>Solis</strong></span> <span class='ocrx_word' id='word_1_231' title='bbox 651 3322 764 3385; x_wconf 81' lang='lat' dir='ltr'><strong>genus,</strong></span> <span class='ocrx_word' id='word_1_232' title='bbox 787 3309 858 3385; x_wconf 87' lang='lat' dir='ltr'><strong>apta</strong></span> <span class='ocrx_word' id='word_1_233' title='bbox 878 3304 928 3365; x_wconf 82' lang='lat' dir='ltr'><strong>vel</strong></span> <span class='ocrx_word' id='word_1_234' title='bbox 950 3304 1057 3365; x_wconf 84' lang='lat' dir='ltr'><strong>herbis</strong></span> <span class='ocrx_word' id='word_1_235' title='bbox 1274 3362 1275 3371; x_wconf 67' lang='grc'>,</span> 
     </span>
     <span class='ocr_line' id='line_1_35' title="bbox 201 3389 1275 3474; baseline 0.002 -24"><span class='ocrx_word' id='word_1_236' title='bbox 201 3393 345 3472; x_wconf 84' lang='lat' dir='ltr'><strong>Aptaque</strong></span> <span class='ocrx_word' id='word_1_237' title='bbox 365 3389 416 3453; x_wconf 81' lang='lat' dir='ltr'><strong>vel</strong></span> <span class='ocrx_word' id='word_1_238' title='bbox 435 3397 527 3451; x_wconf 89' lang='lat' dir='ltr'><strong>cantu</strong></span> <span class='ocrx_word' id='word_1_239' title='bbox 547 3394 673 3451; x_wconf 84' lang='lat' dir='ltr'><strong>veteres</strong></span> <span class='ocrx_word' id='word_1_240' title='bbox 694 3394 813 3449; x_wconf 86' lang='lat' dir='ltr'><strong>mutare</strong></span> <span class='ocrx_word' id='word_1_241' title='bbox 831 3389 961 3469; x_wconf 72' lang='lat' dir='ltr'><strong>figurasa</strong></span> <span class='ocrx_word' id='word_1_242' title='bbox 1274 3390 1275 3474; x_wconf 69' lang='lat' dir='ltr'><strong>l</strong></span> 
     </span>
     <span class='ocr_line' id='line_1_36' title="bbox 202 3471 1274 3555; baseline -0.005 -17"><span class='ocrx_word' id='word_1_243' title='bbox 202 3477 391 3538; x_wconf 77' lang='lat' dir='ltr'><strong>Cimmerion</strong></span> <span class='ocrx_word' id='word_1_244' title='bbox 413 3476 505 3537; x_wconf 90' lang='lat' dir='ltr'><strong>etiam</strong></span> <span class='ocrx_word' id='word_1_245' title='bbox 527 3477 673 3537; x_wconf 81' lang='lat' dir='ltr'><strong>obscuras</strong></span> <span class='ocrx_word' id='word_1_246' title='bbox 695 3474 825 3535; x_wconf 85' lang='lat' dir='ltr'><strong>accessit</strong></span> <span class='ocrx_word' id='word_1_247' title='bbox 846 3471 885 3533; x_wconf 90' lang='lat' dir='ltr'><strong>ad</strong></span> <span class='ocrx_word' id='word_1_248' title='bbox 906 3476 1002 3555; x_wconf 83' lang='lat' dir='ltr'><strong>arcis,</strong></span> <span class='ocrx_word' id='word_1_249' title='bbox 1273 3528 1274 3533; x_wconf 73' lang='grc'>,</span> 
     </span>
     <span class='ocr_line' id='line_1_37' title="bbox 202 3559 1215 3642; baseline -0.001 -21"><span class='ocrx_word' id='word_1_250' title='bbox 202 3562 277 3638; x_wconf 81' lang='lat' dir='ltr'><strong>Quis</strong></span> <span class='ocrx_word' id='word_1_251' title='bbox 298 3580 452 3642; x_wconf 88' lang='lat' dir='ltr'><strong>nunquam</strong></span> <span class='ocrx_word' id='word_1_252' title='bbox 474 3560 626 3623; x_wconf 88' lang='lat' dir='ltr'><strong>candente</strong></span> <span class='ocrx_word' id='word_1_253' title='bbox 645 3559 713 3621; x_wconf 89' lang='lat' dir='ltr'><strong>dies</strong></span> <span class='ocrx_word' id='word_1_254' title='bbox 733 3559 875 3641; x_wconf 88' lang='lat' dir='ltr'><strong>apparuit</strong></span> <span class='ocrx_word' id='word_1_255' title='bbox 890 3566 972 3639; x_wconf 87' lang='lat' dir='ltr'><strong>ortu,</strong></span> <span class='ocrx_word' id='word_1_256' title='bbox 1178 3566 1215 3620; x_wconf 88' lang='grc'><strong>65</strong></span> 
     </span>
     <span class='ocr_line' id='line_1_38' title="bbox 202 3644 1025 3729; baseline 0.001 -24"><span class='ocrx_word' id='word_1_257' title='bbox 202 3646 264 3706; x_wconf 88' lang='lat' dir='ltr'><strong>Seu</strong></span> <span class='ocrx_word' id='word_1_258' title='bbox 286 3665 379 3729; x_wconf 87' lang='lat' dir='ltr'><strong>supra</strong></span> <span class='ocrx_word' id='word_1_259' title='bbox 399 3653 501 3708; x_wconf 84' lang='lat' dir='ltr'><strong>terras</strong></span> <span class='ocrx_word' id='word_1_260' title='bbox 522 3647 667 3707; x_wconf 86' lang='lat' dir='ltr'><strong>Phoebus</strong></span> <span class='ocrx_word' id='word_1_261' title='bbox 687 3662 743 3706; x_wconf 87' lang='lat' dir='ltr'><strong>seu</strong></span> <span class='ocrx_word' id='word_1_262' title='bbox 766 3650 908 3704; x_wconf 85' lang='lat' dir='ltr'><strong>curreret</strong></span> <span class='ocrx_word' id='word_1_263' title='bbox 928 3644 1025 3706; x_wconf 84' lang='lat' dir='ltr'><strong>inira:</strong></span> 
     </span>
     <span class='ocr_line' id='line_1_39' title="bbox 202 3726 930 3808; baseline -0.005 -18"><span class='ocrx_word' id='word_1_264' title='bbox 202 3728 304 3808; x_wconf 76' lang='lat' dir='ltr'><strong>mdit,</strong></span> <span class='ocrx_word' id='word_1_265' title='bbox 324 3738 359 3793; x_wconf 92' lang='lat' dir='ltr'><strong>ut</strong></span> <span class='ocrx_word' id='word_1_266' title='bbox 380 3734 503 3793; x_wconf 82' lang='lat' dir='ltr'><strong>inferno</strong></span> <span class='ocrx_word' id='word_1_267' title='bbox 524 3730 666 3792; x_wconf 86' lang='lat' dir='ltr'><strong>Plutonis</strong></span> <span class='ocrx_word' id='word_1_268' title='bbox 689 3726 812 3790; x_wconf 87' lang='lat' dir='ltr'><strong>subdita</strong></span> <span class='ocrx_word' id='word_1_269' title='bbox 834 3726 930 3806; x_wconf 83' lang='lat' dir='ltr'><strong>regno</strong></span> 
     </span>
    </p>
   </div>
   <div class='ocr_carea' id='block_1_3' title="bbox 1262 4002 1272 4089">
    <p class='ocr_par' dir='ltr' id='par_1_5' title="bbox 1262 4002 1272 4089">
     <span class='ocr_line' id='line_1_40' title="bbox 1262 4002 1272 4089; baseline 0.1 -1"><span class='ocrx_word' id='word_1_270' title='bbox 1262 4002 1272 4089; x_wconf 88' lang='lat' dir='ltr'><strong>l</strong></span> 
     </span>
    </p>
   </div>
   <div class='ocr_carea' id='block_1_4' title="bbox 0 0 1364 4325">
    <p class='ocr_par' dir='ltr' id='par_1_6' title="bbox 0 0 1364 4325">
     <span class='ocr_line' id='line_1_41' title="bbox 0 0 1364 4325; baseline 0 2"><span class='ocrx_word' id='word_1_271' title='bbox 0 0 1364 4325; x_wconf 95' lang='lat' dir='ltr'><strong> </strong></span> 
     </span>
    </p>
   </div>
  </div>
 </body>
</html>
