2717 4325
367 424 688 503 moruus.
730 422 927 506 ιιιι,ι,ι.
1080 424 1121 489 ιι

295 593 385 655 Bella
395 612 510 670 cauam,
523 590 642 672 quaudo
655 592 771 671 scripta
781 589 886 671 puella
896 608 965 651 mea
975 598 1033 651 est

257 680 346 740 Nune
355 676 426 737 volo
439 675 588 737 subducto
599 675 721 754 gravior
727 674 906 755 'proaedere
916 673 1015 753 vultu,

205 774 240 827 10
299 762 389 823 Nune
400 759 491 821 aliam
502 760 649 819 citharam
659 777 709 818 me
720 777 790 818 mea
798 758 889 819 Musa
900 758 1001 819 doeet
1109 788 1144 829 ν,

258 847 369 925 Surge,
381 847 490 923 anima,
501 862 538 903 ex
548 842 657 903 humili
667 845 728 902 iam
739 844 885 922 carmine,
896 845 1007 904 sumite
1017 844 1111 923 vires,

299 928 458 991 Pierides·
480 928 582 1007 magni
591 944 673 986 nuno
685 927 747 985 erit
758 928 822 987 oris
834 946 920 1007 opus

218 1003 320 1075 iam
330 1020 422 1091 negat
431 1012 606 1092 Euphrates
618 1011 756 1087 equitem
764 1016 836 1090 post
845 1017 934 1087 terga
942 1013 1027 1071 tueri

299 1097 483 1157 Parthorum
495 1101 528 1154 et
539 1095 667 1154 Crassos
679 1112 713 1152 se
724 1095 862 1153 tenuisse
873 1093 973 1154 dolet.

209 1191 240 1244 15
261 1179 348 1242 India
359 1182 444 1260 quin,
456 1181 605 1256 Auguste,
616 1183 670 1237 tuo
683 1174 737 1235 ‹lat
747 1175 830 1235 eollo
838 1178 1005 1257 triumpho,

299 1264 342 1325 Et
353 1263 459 1323 domus
469 1264 604 1321 intactae
613 1266 647 1320 te
657 1262 766 1339 tremit
776 1261 923 1320 Arabiae·

259 1348 338 1409 Et
314 1366 340 1407 ιι
351 1366 411 1426 qua
422 1344 568 1406 extremis
580 1343 672 1404 tellus
684 1362 718 1404 se
729 1344 882 1403 subtrahit
894 1345 967 1420 oris,

302 1430 426 1491 Sentiet
436 1426 493 1489 rlla
503 1435 571 1489 tuos
581 1426 745 1519 postmodo
756 1433 845 1508 capto
853 1447 968 1488 monus.

261 1516 348 1576 Haeo
362 1532 420 1593 ego
433 1518 533 1574 easta
544 1530 670 1590 sequar.
690 1497 777 1571 vates
786 1517 839 1572 tua
850 1518 951 1572 eastra
961 1508 1099 1571 cauendo

206 1608 242 1662 20
302 1599 516 1679 Msgnusero:
539 1596 918 1657 serventhunomilrifata
929 1595 1025 1656 diem!

260 1728 304 1789 Ut
315 1727 450 1806 caputio
460 1726 577 1805 maguis
587 1725 640 1785 ubi
650 1743 714 1784 non
725 1730 775 1784 est
784 1729 913 1802 tangere
924 1723 1031 1802 siguis,

301 1810 433 1869 Ponitur
443 1811 495 1869 hie
505 1810 583 1869 imos
596 1814 667 1869 ante
679 1825 793 1868 corona
802 1806 911 1887 pedes,

263 1894 314 1953 Sic
324 1912 381 1952 uos
391 1911 483 1969 uuae,
493 1894 602 1972 inopes
612 1890 714 1951 laudis
725 1889 936 1951 eouseerrdere
949 1908 1083 1967 carmen,

304 1976 496 2055 Pauperibus
508 1976 603 2034 saeris
614 1976 685 2034 vflia
695 1978 765 2032 tura
776 1973 889 2033 damus

144 2130 146 2134 ,
208 2069 243 2124 25
264 2056 407 2121 Nondum
419 2058 511 2117 etiem
522 2058 673 2117 Ascraeos
682 2058 1134 2136 uoruutmeaearmrnafouteu

305 2140 369 2205 Sed
380 2141 471 2204 modo
483 2140 624 2202 Permesi
634 2140 761 2201 flumine
771 2138 846 2201 lavit
856 2140 960 2202 rimor.

220 2311 248 2402 2
264 2308 415 2404 Scribant
426 2339 466 2401 de
477 2346 511 2400 te
524 2338 576 2401 alii
587 2338 639 2400 vel
650 2341 692 2398 ris
703 2337 944 2417 ignotalieebit:
1080 2301 1131 2392 11

305 2424 436 2503 Laudet,
448 2426 502 2503 qui
512 2423 614 2484 sterili
625 2423 741 2484 semina
750 2424 838 2503 pouit
848 2423 949 2481 humo.

264 2510 383 2586 Omnia,
395 2507 491 2569 erede
502 2508 587 2585 mihi,
599 2527 705 2567 secum
714 2526 775 2567 uuo
786 2504 1007 2567 muneraleeto

304 2594 438 2655 Auferet
450 2551 587 2653 extremi
591 2592 711 2651 funeris
722 2597 789 2652 atra
800 2591 883 2650 dies.

175 2709 181 2719 ·
226 2688 243 2741 5
263 2679 306 2741 Et
316 2683 369 2738 tua
379 2677 526 2738 transibit
537 2682 738 2736 contemnens
750 2694 819 2735 ossa
829 2675 939 2750 mator,

303 2748 369 2823 Nee
381 2761 466 2822 (lieet
477 2761 567 2821 einis
577 2760 630 2820 hie
641 2759 734 2820 docta
743 2757 848 2839 puella
858 2757 938 2818 fuit!

222 2893 247 2985 3
265 2891 1137 3009 iimeumqueillefmt,puerumqmpmxltrimorem,12

303 3013 413 3075 Nonne
424 3021 513 3095 putas
525 3015 618 3074 miras
629 3013 711 3072 hune
721 3010 867 3070 habuisse
877 3028 1002 3070 mauus.
990 3010 1006 3050 ²

140 3132 143 3136 ›
264 3099 467 3177 Hioprimum
477 3094 1003 3156 viditsinesensuvivereamantes

306 3181 348 3242 Et
358 3178 479 3240 levibus
492 3179 573 3239 curis
587 3195 697 3255 magna
706 3176 812 3255 perire
823 3177 913 3239 bona.

229 3277 246 3328 5
267 3264 353 3326 idem
362 3282 426 3324 uon
436 3262 553 3322 frustra
563 3265 708 3320 ventosas
719 3256 840 3317 odardo
850 3257 922 3336 ulos,

306 3349 397 3410 Fecit
408 3353 441 3408 et
451 3347 582 3406 humano
594 3343 690 3404 corde
700 3339 805 3402 volare
819 3340 929 3416 deum3

268 3431 395 3495 Scilicet
406 3430 526 3494 alterno
538 3429 680 3509 quoniam
690 3428 839 3486 iactamur
849 3425 883 3485 iu
893 3422 986 3500 unda,

306 3517 481 3597 Nostraque
491 3533 554 3575 uon
564 3511 637 3574 ullis
648 3517 811 3592 pormanet
822 3529 896 3570 aura
905 3508 1000 3570 loeis.

265 3603 308 3666 Et
318 3603 429 3662 merito
441 3599 569 3660 horretis
581 3616 687 3658 manus
699 3601 749 3657 est
759 3600 875 3654 armata
884 3592 1018 3671 sagittis,

214 3697 249 3750 10
309 3687 352 3748 Et
361 3687 509 3768 pharetra
520 3703 558 3744 ex
567 3683 697 3743 humero
710 3679 825 3742 Gnosia
835 3685 969 3758 utroque
978 3677 1077 3750 meet
