2717 4325
373 447 518 508 TlBULLl
542 445 747 525 (LYGDAlll)
771 446 838 506 LlB.
857 447 906 508 lll.
923 458 948 510 4.
964 460 990 513 ὁ.
1139 453 1176 514 41

178 616 260 695 Ergo
283 633 324 676 aa
342 613 448 676 dubita
466 613 594 676 blandas
617 615 767 675 adhihere
789 615 948 694 querelas:
1146 627 1181 686 75

218 700 394 763 Vincuntur
415 698 501 760 molli
518 705 646 779 pectora
668 697 744 759 dura
767 719 872 780 prece.

179 783 269 860 Quod
288 786 315 844 si
337 802 410 845 vera
432 789 544 845 canunt
565 785 661 844 sacris
685 783 807 844 oracula
831 783 970 865 templis,

220 867 306 927 Haeo
328 866 374 928 illi
395 875 501 928 nostro
523 870 648 929 nomine
670 867 753 929 dicta
773 869 875 930 refer:

178 951 264 1010 ‘Hoc
284 952 341 1012 tibi
363 953 534 1031 coniugium
552 955 708 1034 promittit
728 951 835 1012 Delius
853 953 937 1033 ipse,

219 1033 309 1094 Felix
329 1036 405 1111 hoc,
428 1033 521 1094 alium
543 1036 651 1097 desine
668 1036 750 1097 velle
772 1038 904 1096 virum.''

178 1119 279 1196 Dixit,
300 1126 333 1178 et
353 1120 478 1198 ignarus
501 1117 629 1180 defluxit
651 1138 783 1198 corpore
803 1138 935 1180 somnus.

220 1202 268 1262 Ah
290 1220 348 1281 ego
370 1221 410 1262 ne
453 1205 545 1262 ossim
566 1208 651 1262 tanta
672 1202 779 1262 videre
801 1200 889 1262 mala.

179 1284 243 1344 Nec
264 1287 322 1346 tibi
345 1223 532 1346 crediderim
552 1287 631 1346 votis
654 1287 808 1356 contraria
828 1290 898 1345 rota

221 1369 286 1428 Nec
308 1373 426 1430 tantum
448 1371 566 1429 crimen
586 1376 716 1450 pectore
737 1371 839 1428 inesse
861 1374 933 1427 tuo:

177 1452 254 1512 Nam
277 1458 308 1511 te
327 1470 385 1513 nec
406 1453 483 1513 vasti
504 1459 677 1532 genuerunt
699 1471 831 1531 aequora
851 1452 940 1532 ponti

220 1535 284 1598 Neo
302 1537 452 1596 flammam
473 1536 600 1597 volvens
617 1555 672 1597 ore
692 1535 854 1596 Chimaera
874 1536 943 1595 fero

177 1619 242 1680 Nec
263 1621 346 1679 canis
369 1623 519 1699 anguinea
537 1620 700 1681 redimitus
720 1625 808 1698 terga
830 1625 968 1696 caterva,

221 1703 279 1764 cai
301 1711 366 1764 tres
387 1712 460 1765 sont
479 1704 604 1784 linguae
623 1705 891 1783 tergeminumque
913 1708 1020 1782 caput,

179 1785 344 1867 Scyllaque
366 1791 535 1866 virgineam
555 1790 680 1849 canibus
703 1788 858 1848 succincta
879 1787 1027 1865 figuram,

121 1895 126 1902 ·
221 1870 286 1930 Nec
307 1876 340 1930 te
361 1878 540 1951 conceptam
562 1891 652 1932 saera
671 1871 781 1932 leaena
803 1870 890 1946 tulit,

178 1953 313 2012 Barbara
332 1973 390 2014 nec
412 1955 556 2034 Scythiae
577 1953 672 2014 tellus
693 1953 888 2015 horrendaue
911 1953 1029 2032 Syrtis,

222 2036 285 2096 Sed
308 2036 390 2096 culta
409 2043 442 2097 et
463 2038 547 2097 duris
570 2057 632 2097 non
653 2037 819 2098 habitanda
840 2037 946 2096 domus

177 2121 219 2181 nt
240 2117 333 2199 longe
356 2128 427 2181 ante
445 2119 519 2182 alias
541 2140 647 2183 omnes
668 2122 828 2182 mitissima
846 2128 944 2181 mater

220 2205 310 2284 isque
332 2212 423 2286 pater
444 2226 503 2283 quo
523 2225 584 2265 non
607 2204 688 2265 alter
711 2203 879 2266 amabilior.

179 2288 263 2349 Haec
286 2287 363 2349 deus
383 2290 417 2349 in
436 2290 546 2350 melius
569 2290 708 2350 crudelia
728 2290 845 2350 somnia
866 2294 967 2348 vertat

220 2373 262 2432 Et
281 2374 386 2433 iubeat
408 2373 529 2455 tepidos
551 2376 641 2434 irrita
662 2374 748 2434 ferre
769 2370 875 2431 Notos.

657 2588 697 2651 V.

63 2692 114 2728 Ὗ·
178 2669 247 2764 vos
270 2711 374 2783 tenet,
395 2706 535 2765 Etruscis
557 2711 659 2764 manat
681 2704 917 2783 quaesentibus
939 2703 1036 2783 unda,

222 2787 312 2850 Unda
330 2790 386 2849 suh
408 2789 555 2849 aestivum
577 2808 639 2848 non
662 2787 802 2848 adeunda
822 2787 953 2866 Canem,

180 2873 266 2932 Nunc
288 2879 388 2932 autem
411 2874 507 2932 sacris
527 2873 668 2932 Baiarum
691 2874 829 2953 proxima
850 2870 1001 2953 lymphis,

223 2956 299 3016 Gom
320 2976 354 3016 se
374 2975 533 3037 purpureo
554 2975 630 3017 vere
650 2957 784 3017 remittit
806 2957 931 3016 humus:

179 3043 221 3100 At
240 3040 314 3099 mihi
336 3042 538 3120 Persephone
559 3042 677 3118 nigram
699 3041 862 3101 denuntiat
881 3042 1002 3100 horam:

221 3123 366 3183 inmerito
387 3125 490 3183 iuveni
510 3142 603 3203 parce
624 3143 755 3201 nocere,
779 3123 844 3184 dea.

178 3206 246 3267 Non
266 3226 323 3285 ego
346 3208 462 3267 tentavi
484 3206 563 3267 nulli
584 3208 764 3268 temeranda
785 3209 920 3267 virorum

220 3290 328 3351 Audax
346 3290 516 3351 laudandae
536 3310 622 3351 sacra
641 3289 755 3351 docere
778 3289 870 3368 deae,

177 3374 243 3435 Nec
261 3393 328 3436 mea
348 3376 519 3435 mortiferis
539 3374 649 3435 infecit
670 3374 780 3456 pocula
802 3374 901 3435 soccia

221 3458 356 3519 Dextera
374 3478 433 3520 neo
456 3460 594 3538 cuiquam
616 3460 691 3519 trita
713 3478 830 3518 venena
850 3454 953 3535 dedit,

177 3541 243 3602 Nec
264 3563 321 3603 nos
343 3541 484 3621 sacrilegi
503 3541 628 3623 templis
652 3542 837 3603 admovimus
859 3544 964 3619 ignes,

221 3627 286 3689 Nec
306 3648 360 3688 cor
381 3626 551 3688 sollicitant
570 3628 653 3687 facta
673 3626 807 3686 nefanda
829 3643 947 3701 meum,

177 3712 244 3772 Nec
265 3731 322 3772 nos
343 3712 468 3773 insanae
489 3711 675 3772 meditantes
694 3711 791 3789 iurgia
813 3710 925 3769 mentis
