2717 4325
438 456 843 537 uicesimo.
1059 463 1121 527 109

240 628 308 689 Aut
318 628 345 687 si
356 627 425 705 quia
435 625 537 705 posita
547 622 640 685 iud'ex
651 624 743 685 sedet
752 626 873 686 Aeacus
883 646 971 706 urua,

173 722 221 775 2⁰
289 710 324 771 lu
336 727 406 770 mea
416 709 526 769 sortita
536 708 674 769 vindicet
684 727 755 769 oasa
764 706 845 789 pila:

241 792 418 855 Adsideaut
427 793 554 869 iratres,
565 794 649 853 iuxts
659 792 801 855 Minoida
811 792 921 853 sellam

283 874 490 937 Eumenidum
499 876 621 935 intento
631 877 724 936 turba
736 894 845 938 severa
855 878 943 937 foro:

241 960 388 1040 Sisyphe,
404 958 485 1019 mole
496 976 597 1037 vacca,
608 964 733 1020 taceant
742 961 856 1022 Ixionis
870 962 972 1039 orbes,

281 1042 391 1104 Fallax
402 1040 557 1103 Tantaleo
567 1044 740 1123 corripiare
752 1042 867 1123 liquor,

84 1135 87 1157 ⁴
176 1136 219 1190 25
242 1128 403 1189 cerberus
415 1132 448 1185 ct
457 1124 558 1186 nullas
569 1124 663 1187 boile
673 1134 762 1207 petat
770 1128 930 1208 improbus
941 1131 1075 1207 umbras,

232 1234 237 1243 ·
281 1211 323 1270 ut
332 1212 434 1270 iaceat
444 1210 538 1270 tacita
547 1208 635 1290 lapaa
646 1218 756 1271 catena
766 1229 846 1272 aera.

237 1296 310 1375 lpas
319 1292 431 1372 loquar
441 1312 499 1375 pro
510 1312 576 1353 mea
599 1292 987 1376 siiallo,poeuasororum

282 1373 395 1438 Infelix
405 1378 551 1438 humeros
564 1384 673 1456 urgeat
682 1397 762 1438 urua
771 1396 866 1439 meos.

239 1462 276 1522 Si
287 1463 337 1522 cui
347 1461 428 1521 fama
440 1461 500 1521 fuit
510 1479 569 1541 per
580 1462 660 1521 avita
669 1468 800 1542 tropaea
809 1461 928 1538 (iecori,

80 1561 82 1583 ’
179 1556 218 1611 30
285 1544 576 1605 AiraNumautiuos
590 1541 961 1624 regnaloquuuturavcs,

237 1627 350 1689 Altero
360 1633 516 1688 maternos
528 1633 680 1707 exaequat
689 1630 782 1688 turba
792 1628 939 1706 Libones,

280 1713 322 1773 Et
335 1711 442 1773 domus
454 1718 503 1771 eat
512 1711 612 1771 titulis
622 1718 756 1792 utraque
767 1710 848 1773 fulta
858 1713 930 1775 auia.

240 1795 326 1873 Mox,
337 1796 391 1855 ubi
400 1796 462 1854 iam
472 1794 591 1855 facibus
604 1797 699 1855 cessit
709 1803 872 1876 praetexta
881 1796 1010 1876 maritis,

280 1880 389 1943 vinxit
399 1884 433 1938 et
445 1884 587 1958 acceptas
599 1877 699 1939 ultera
707 1880 785 1939 vitta
795 1898 907 1956 comas,

79 2018 81 2030 a*
175 1976 216 2030 35
240 1963 363 2042 longor,
374 1961 492 2040 Paulle,
503 1968 556 2021 tuo
569 1964 613 2022 sic
624 1962 799 2022 discessura
810 1960 919 2022 cubili:

279 2048 314 2106 lu
325 2045 429 2126 lapide
439 2046 500 2105 hoc
511 2047 564 2106 uni
575 2052 671 2126 nupta
679 2046 777 2106 fuisse
786 2043 883 2122 legar.

241 2130 357 2191 Testor
367 2130 515 2190 maiorum
527 2131 649 2192 cineres
660 2130 729 2207 tibi,
739 2129 847 2207 Roma,
858 2126 1023 2204 verendos,

282 2215 345 2275 Sub
358 2233 487 2293 quorum
497 2214 607 2292 titulis,
617 2213 734 2290 Africa,
744 2219 834 2272 tonsa
843 2214 938 2289 iaces,

238 2299 280 2362 ut
293 2299 412 2359 Persen
422 2299 529 2380 proavi
541 2297 734 2359 simulantem
745 2304 855 2378 pectus
865 2291 997 2356 Achillia

177 2392 222 2446 40
282 2383 403 2461 Quique
415 2388 482 2441 tuas
493 2399 607 2461 proavo
618 2381 715 2461 fregit
725 2379 850 2442 Achille
861 2379 979 2457 domo,

237 2464 292 2527 Me
301 2484 404 2545 neque
416 2483 565 2526 censurae
576 2463 681 2544 legem
691 2463 830 2525 mollisse
839 2482 899 2524 uec
910 2461 974 2522 ulla

278 2549 363 2610 Labe
376 2568 445 2609 mea
454 2555 575 2610 vestros
586 2551 747 2610 crubuisse
756 2549 853 2608 iocos.

238 2633 307 2694 Nou
318 2633 378 2692 fuit
388 2634 503 2693 exuviis
514 2634 608 2692 tantia
621 2631 767 2693 cornelia
778 2631 936 2690 damnum:

280 2718 361 2793 Quin
375 2722 443 2777 erat
457 2724 490 2777 et
500 2734 626 2793 maguae
637 2735 709 2795 pars
720 2713 868 2775 imitauila
877 2712 994 2774 domus.

179 2808 217 2862 45
238 2801 303 2861 Nec
314 2819 383 2860 mea
393 2805 508 2861 mutata
518 2804 568 2858 cat
578 2805 673 2876 aetas,
684 2801 752 2860 aine
762 2799 891 2860 crimine
902 2805 969 2859 tota
979 2808 1041 2859 cat:

278 2886 417 2947 Viximus
430 2884 568 2962 insigues
578 2883 661 2945 inter
673 2891 836 2965 utramque
847 2884 956 2945 facem.

238 2969 284 3028 Mi
295 2975 405 3028 natura
416 2965 504 3027 dedit
513 2965 602 3046 leges
614 2987 631 3026 a
642 2970 789 3046 sauguine
801 2967 919 3044 ductas,

278 3051 325 3110 Ne
335 3069 459 3131 possem
470 3050 580 3111 melior
590 3049 702 3110 iudicia
712 3069 782 3111 case
793 3057 886 3112 metu.

239 3132 406 3211 Quaelibet
417 3140 554 3194 austeras
566 3132 606 3193 de
619 3151 669 3192 me
679 3133 763 3194 ferat
772 3154 851 3193 urna
860 3128 1005 3192 tabellas:

182 3225 220 3280 50
280 3218 417 3298 Turpior
429 3236 550 3279 aaseaau
559 3236 621 3277 nou
633 3217 695 3277 erit
705 3215 770 3276 ulla
780 3236 861 3292 meo,

238 3299 299 3364 Vel
308 3308 353 3380 tu,
366 3321 443 3381 quae
455 3300 574 3363 turdum
584 3301 707 3362 movisti
716 3301 792 3361 ioue
803 3300 963 3380 Cybeben,

239 3411 244 3420 ·
278 3383 417 3463 Claudia,
427 3388 560 3446 turritae
570 3405 641 3446 rura
652 3386 793 3446 miuiatra
804 3383 891 3461 deae,

237 3466 299 3529 Vel
312 3471 372 3547 cui,
384 3470 561 3530 commissos
573 3489 642 3530 cum
652 3469 749 3531 Veatc
758 3474 943 3549 reposceret
953 3477 1052 3544 ignea,

277 3551 427 3613 Exhibuit
436 3555 520 3614 vivos
532 3554 675 3614 carbasus
687 3552 756 3614 alba
766 3553 863 3613 iocos.

183 3644 217 3696 55
237 3633 303 3696 Nec
317 3642 361 3714 te,
376 3634 468 3698 dulce
481 3643 583 3717 caput,
597 3643 696 3698 mater
708 3637 881 3713 Scribonia,
892 3634 984 3695 laesit

277 3717 312 3779 lu
325 3738 374 3779 mc
385 3726 533 3782 mutatum
545 3718 620 3800 quid
630 3721 690 3780 uisi
700 3721 765 3781 iata
774 3719 874 3781 relisi
