2717 4325
512 420 656 480 TIBULLl
678 420 746 480 LIB.
763 420 811 480 lV.
829 431 854 482 2.
873 431 898 484 3.

683 681 727 745 II.

203 766 347 880 Sulpicio
369 807 418 859 est
439 799 496 859 tibi
519 795 601 858 culto
622 799 701 876 tuis,
723 797 808 858 Mors
829 816 956 876 magne,
978 795 1134 859 kalendis:

243 885 421 964 Spectatum
443 902 461 943 e
483 881 588 960 caelo,
610 883 636 942 si
659 883 758 963 sapis,
780 882 847 961 ipse
868 883 947 942 reni.

202 972 271 1032 Hoc
293 968 400 1030 Venus
421 968 575 1045 ignoscet:
597 971 629 1025 ut
650 972 701 1044 tn,
723 963 874 1042 violente,
896 971 1000 1026 caveto

241 1054 287 1113 Ne
310 1053 367 1111 tibi
390 1051 513 1110 miranti
534 1051 670 1130 turpiter
692 1070 774 1109 armo
796 1049 913 1109 cadant.

202 1136 288 1216 illius
309 1154 348 1196 ex
368 1133 483 1210 oculis,
505 1154 573 1194 eum
595 1131 661 1193 vult
683 1151 813 1193 exurere
835 1131 938 1211 diros,
1188 1142 1205 1194 5

242 1218 396 1279 Accendit
417 1220 552 1298 geminus
573 1215 731 1296 lampados
755 1236 826 1276 noer
847 1217 952 1276 Amor.

201 1301 303 1380 lllom,
324 1302 470 1382 quiequid
489 1303 568 1380 ugit,
592 1321 714 1381 quoquo
735 1301 863 1379 vestigio
885 1301 994 1380 movit,

243 1387 408 1467 Gompouit
428 1386 536 1446 furtim
558 1387 816 1464 subsequiturque
840 1385 948 1444 Decor.

201 1471 263 1531 Seu
285 1469 377 1530 solvit
395 1472 515 1548 crines,
534 1468 720 1529 fusis-decet
744 1488 812 1529 esse
834 1466 971 1548 capillis:

244 1555 306 1616 Seu
327 1555 474 1633 compsit,
498 1555 628 1633 comptis
650 1559 700 1614 est
721 1551 896 1613 venerenda
919 1553 1022 1613 cornis.
1174 1559 1207 1611 10

199 1640 289 1714 Urit,
311 1657 366 1698 seu
389 1637 484 1716 Tyria
506 1634 603 1696 voluit
624 1634 799 1715 procedere
821 1634 919 1716 pollo:

241 1723 330 1800 Urit,
351 1740 405 1780 seu
422 1722 512 1780 nivea
533 1715 664 1780 condida
684 1725 772 1780 veste
793 1720 886 1780 venit.

202 1803 289 1864 Talis
310 1806 344 1863 in
365 1810 492 1864 aeterno
514 1804 589 1864 ieiix
609 1802 800 1865 Vertumnus
822 1799 955 1883 Olympo

243 1884 336 1948 Mille
357 1888 451 1947 habet
472 1895 614 1965 ornatus,
635 1885 720 1947 mille
741 1885 890 1947 decenter
910 1887 1014 1947 habet.

202 1969 276 2031 Sola
296 1969 470 2050 puellarum
491 1969 582 2049 dignu
603 1977 667 2048 est,
689 1973 737 2032 cui
758 1968 864 2031 mollin
886 1972 964 2031 curis
1175 1979 1208 2031 15

243 2053 373 2116 Vellera
394 2053 448 2114 det
469 2056 568 2114 suecis
588 2055 636 2113 bis
655 2053 826 2114 madefacto
850 2055 970 2134 Tyros,

200 2137 440 2219 Possideotque,
462 2139 552 2199 metit
569 2136 716 2218 quiequid
736 2139 817 2198 bene
839 2137 996 2199 olentibus
1018 2137 1097 2199 arvis

242 2222 353 2284 Cultor
370 2222 516 2283 odoratae
539 2220 624 2281 dives
643 2222 743 2281 Arabs
764 2224 878 2301 segetis

201 2308 244 2367 Et
265 2325 461 2388 quoscunque
482 2308 572 2385 niger
593 2306 688 2365 rubro
713 2303 753 2365 de
774 2304 869 2367 litore
893 2324 1025 2387 gemmus

242 2391 402 2451 Proximus
423 2391 497 2450 Eois
519 2387 640 2467 colligit
659 2387 752 2449 ludus
776 2392 871 2469 cquis,
1172 2397 1209 2450 to

200 2475 288 2536 lianc
309 2494 379 2552 ros,
400 2473 559 2552 Pierides,
577 2472 670 2531 iestis
695 2477 817 2532 contste
840 2472 1001 2553 kalendis,

241 2559 283 2618 nt
304 2557 480 2619 testudineo
497 2558 627 2617 Phoebe
646 2557 781 2635 superbe
802 2555 881 2636 lyra.

79 2662 82 2667 ·
199 2643 268 2702 Hoc
288 2641 429 2717 solemne,
445 2660 581 2701 sucrum:
603 2638 716 2699 multos
738 2640 798 2699 ltoc
820 2647 920 2700 sumet
939 2642 971 2701 in
989 2658 1096 2701 runos:

242 2726 371 2805 Dignior
391 2732 440 2785 est
456 2731 561 2784 vestro
582 2721 669 2783 nullo
689 2721 792 2803 puello
815 2725 919 2784 choro.

599 2868 807 2877 .....-.--—.-—

671 2973 736 3037 III.

199 3054 302 3148 Parce
323 3107 392 3149 meo
414 3090 535 3169 iuveni,
559 3109 615 3150 seu
635 3092 703 3170 quis
724 3091 805 3149 bono
826 3108 938 3171 pascue
960 3086 1058 3165 compi

241 3173 304 3231 Seu
325 3171 403 3233 colis
424 3174 561 3233 umbrosi
584 3172 673 3234 devio
694 3175 807 3235 montis
831 3190 922 3254 oper,

199 3256 263 3316 Nec
285 3257 343 3317 tibi
364 3258 405 3317 sit
426 3255 520 3317 duros
544 3258 662 3318 acuisse
683 3258 716 3317 in
734 3254 853 3337 proelio
877 3254 1003 3332 dentes,

239 3340 426 3409 incolumem
448 3348 552 3401 custos
571 3342 653 3400 hune
673 3342 748 3401 mihi
768 3346 872 3401 servet
894 3339 999 3400 Amor.

199 3423 263 3484 Sed
284 3423 393 3504 procul
413 3423 538 3486 obducit
558 3424 689 3485 venandi
710 3422 801 3484 Delia
823 3443 911 3484 curu:
1188 3422 1203 3477 i

240 3509 267 3568 0
288 3515 420 3587 pereant
438 3508 550 3582 silvae,
573 3508 778 3586 deficiantque
802 3507 907 3568 osnes!

199 3592 275 3667 Quis
294 3592 382 3652 furor
405 3599 469 3671 est,
491 3611 569 3671 quoe
589 3612 692 3669 mens,
714 3592 828 3653 densos
849 3589 994 3669 indagine
1016 3583 1114 3647 colles

240 3674 442 3737 Clsudentem
466 3685 589 3737 teneros
609 3676 738 3737 loedere
759 3674 841 3737 velle
864 3672 999 3813 mannii*
