2717 4325
242 417 285 485 ⁸2
541 414 903 477 PROPERTII

298 580 411 647 Ante
421 583 497 644 ferit
510 582 662 663 quoniam,
672 582 734 642 tuti
744 601 834 662 qnam
844 584 1000 645 cernimus
1010 586 1149 667 hostem,

368 668 434 729 Nec
445 667 604 748 quisquam
615 685 653 727 ex
663 664 720 726 illo
729 665 860 727 vulnere
871 686 963 729 sanus
974 672 1047 733 abit.

326 754 362 815 ln
373 772 422 813 me
432 750 495 811 tela
506 757 641 829 manent,
651 757 756 812 manet
766 759 799 812 et
808 752 940 832 puerilis
950 754 1065 833 imago:

368 837 433 897 Sed
444 843 531 896 certe
541 854 658 916 pennas
668 835 809 916 perduint
818 836 876 898 ille
887 856 975 913 suas

275 931 308 986 15
328 921 439 985 Evolat
448 921 512 980 heu
522 926 630 980 nostro
642 921 786 999 qnoniam
797 919 836 980 de
845 928 976 1000 pectore
986 942 1136 1004 nusquam

369 1004 583 1084 Assiduusqne
593 1022 662 1064 meo
674 1007 822 1105 sangnine
835 1002 917 1065 bella
927 1008 1018 1084 gerit.

327 1089 411 1167 Quid
419 1090 478 1150 tihi
488 1087 691 1150 iocundum'
665 1090 757 1148 srccis
767 1090 908 1150 habitare
919 1090 1084 1152 ιιιιιιίιιΠίιιι

368 1174 402 1235 Si
411 1174 512 1255 pudor
525 1180 583 1253 est,
595 1172 655 1233 alio
666 1174 764 1233 traice
776 1173 911 1234 teletus.

326 1260 462 1320 intactos
472 1260 533 1319 isto
546 1258 641 1318 satius
652 1263 808 1337 temptare
817 1276 954 1319 veneno:

273 1354 308 1407 20
368 1343 437 1404 Non
448 1362 517 1422 ego,
529 1341 587 1403 sed
597 1342 701 1401 tenura
710 1340 833 1423 vapulat
843 1344 952 1402 umbra
961 1362 1038 1404 mea

326 1429 423 1505 Quum
436 1446 463 1487 ιι
453 1424 651 1508 perdideris
674 1426 743 1506 quis
754 1428 817 1486 erit
827 1444 879 1507 qur
871 1426 964 1487 'talia
974 1435 1079 1488 cantet

369 1503 477 1597 (Haec
488 1530 557 1571 mea
566 1511 638 1570 Mus
640 1470 746 1571 olevia
757 1508 858 1589 gloria
866 1530 975 1591 magna
985 1518 1039 1571 tua
1048 1507 1130 1598 est),

327 1598 388 1674 Qui
399 1602 490 1675 caput
501 1603 534 1655 et
545 1594 659 1673 digitos
671 1601 705 1654 et
713 1592 871 1657 lumina
840 1614 928 1673 nrgra
937 1594 1063 1675 puellae

365 1680 408 1741 Et
419 1684 507 1738 canat
518 1685 552 1738 ut
563 1675 686 1739 soleant
695 1678 852 1739 molliter'
842 1697 890 1738 ire
900 1679 1008 1759 pedes.

282 1812 308 1905 ‘l
323 1809 398 1908 Non
408 1852 457 1908 tot
467 1845 684 1908 Achaemeniis
700 1855 856 1909 armantur
868 1847 945 1909 Susa
956 1849 1086 1928 sagittis,
1144 1815 1196 1908 13

297 1941 300 1947 ’
367 1930 491 2013 Spicula
502 1938 577 2011 quot
590 1937 698 1993 nostro
709 1938 840 2013 pectore
851 1933 919 1993 fixit
928 1932 1034 1994 Amor.

324 2016 387 2077 Hic
397 2034 446 2076 me
457 2022 520 2076 tam
531 2014 662 2094 graciles
674 2017 775 2079 vetuit
785 2023 985 2076 contemnere
997 2017 1112 2095 Muses,

364 2100 456 2161 Iussit
468 2107 502 2161 et
511 2100 678 2161 Ascraeum
691 2103 736 2164 sic
747 2102 889 2161 habitare
899 2120 1019 2180 nemus,

286 2193 304 2247 ⁵
324 2185 394 2247 Non
404 2193 439 2246 ut
448 2186 572 2247 Pieriae
585 2205 717 2266 quercus
728 2205 797 2246 mea
807 2188 902 2245 verba
912 2191 1090 2266 sequantur,

365 2272 429 2330 Aut
437 2271 553 2350 posim
562 2270 687 2330 ismaria
698 2269 814 2330 ducere
824 2269 903 2330 valle
914 2271 1009 2349 feras,

324 2353 388 2415 Sed
400 2354 494 2431 magis
505 2358 540 2414 ut
549 2359 657 2414 nostro
669 2355 815 2435 stupefiat
825 2355 959 2432 Cynthia
969 2373 1076 2414 versu:

365 2438 454 2498 Tunc
465 2455 523 2517 ego
535 2439 593 2498 sim
602 2438 726 2499 Inachio
737 2439 843 2499 notior
854 2443 921 2499 arte
932 2438 1020 2498 Lino.

323 2521 393 2583 Non
404 2541 463 2601 ego
476 2541 543 2582 sum
553 2521 671 2583 formae
683 2529 802 2583 tantum
813 2519 941 2583 mirator
952 2524 1112 2601 honestae,

270 2617 305 2669 10
364 2606 430 2666 Nec
442 2608 468 2667 si
480 2627 539 2686 qua
552 2604 694 2667 illustres
704 2609 820 2668 femina
829 2610 923 2668 iactat
935 2626 1021 2666 avos:

323 2691 378 2752 Me
391 2693 476 2752 iuvet
486 2693 519 2750 in
531 2693 648 2769 gremio
660 2690 770 2752 doctae
781 2690 896 2771 legisse
907 2689 1040 2772 puellae,

363 2775 498 2834 Auribus
509 2780 543 2832 et
552 2793 638 2853 puris
648 2777 764 2855 scripta
772 2778 921 2856 probasse
932 2794 1008 2835 mea

322 2858 408 2918 Haec
419 2859 472 2916 ubi
484 2858 684 2935 contigerint,
694 2860 801 2940 populi
813 2861 939 2920 confusa
948 2857 1050 2919 valeto

361 2937 493 3001 Fabula·
514 2960 586 3000 nam
598 2939 721 3002 domina
730 2943 833 3004 iudice
843 2951 928 3005 tutus
940 2963 1004 3004 ero

269 3035 302 3090 15
323 3027 408 3103 Quae
420 3043 446 3084 sl
437 3025 540 3086 'forte
551 3027 648 3086 bonas
660 3024 699 3086 sul
708 3046 816 3109 pacem
827 3030 960 3089 verterit
970 3047 1070 3105 aures,

361 3110 511 3171 Possum
501 3111 677 3172 mimicitias
689 3119 763 3173 tunc
776 3131 833 3192 ego
844 3113 931 3173 ferre
943 3113 1031 3173 Iovis.

279 3245 304 3340 5
324 3243 587 3362 Quandocumque
598 3282 694 3360 igitur
703 3289 827 3343 nostros
838 3302 921 3343 mors
930 3279 1054 3342 claudet
1064 3277 1192 3361 ocellos,

360 3366 477 3447 Accipe
489 3385 567 3446 quae
579 3384 685 3426 serres
695 3367 815 3428 funeris
826 3374 893 3427 acta
903 3367 973 3427 mci.

318 3447 385 3510 Nec
395 3466 464 3511 mes
474 3458 548 3510 tnnc
558 3448 650 3528 longa
660 3454 832 3530 spatietur*
823 3452 956 3530 rmugine
967 3469 1089 3533 pompa,

359 3533 425 3595 Nee
437 3537 510 3595 tuba
523 3535 563 3594 sit
574 3533 631 3593 fau
642 3555 718 3595 vana
729 3535 869 3615 querella
880 3537 952 3616 mel,
1156 3543 1192 3595 ιο

282 3624 299 3678 6
319 3615 385 3677 Nec
396 3620 472 3679 mihi
482 3627 557 3678 tunc
567 3615 669 3679 fulcro
682 3625 840 3681 sternatur
849 3620 952 3682 lectus
964 3621 1094 3697 eburno,

360 3698 426 3763 Nec
438 3705 479 3763 sit
489 3704 522 3763 in
532 3701 666 3764 Attalico
677 3723 761 3765 mors
771 3725 839 3767 mea
848 3707 920 3766 nixa
929 3712 1009 3767 toro
