2717 4325
429 474 909 556 unumunurn.
1096 478 1138 543 aa

211 656 244 711 1⁵
266 646 308 708 llt
319 646 372 723 ais,
384 662 443 724 qur
454 644 585 723 Ortygia
598 649 632 702 et
642 644 771 709 virende
784 648 834 704 eet
848 662 904 706 on
918 646 1053 727 Caystri,

155 744 158 749 ·
305 729 347 789 lut
358 747 418 808 qua
428 735 572 807 reptenaa
583 732 738 807 temperat
749 725 831 786 undo
840 728 923 795 viana

265 813 374 873 Omnia
382 812 536 871 Romrnre
548 809 662 871 cedent
672 809 821 871 mimula
831 817 953 871 terrae:

303 895 419 956 Natura
429 896 481 955 lile
491 896 606 974 paruit,
619 893 767 973 quioquid
776 895 892 973 ubique
901 894 971 955 init.

264 981 366 1039 Armis
378 985 448 1060 apta
457 976 671 1056 magistellos,
685 996 775 1055 quam
785 977 944 1039 commode
953 996 1067 1039 norae:

98 1122 110 1136 ,
209 1074 245 1125 lo
305 1064 439 1140 Famam,
452 1063 559 1138 Roma,
569 1068 642 1121 tore
653 1079 716 1119 non
726 1058 823 1139 pudet
833 1061 992 1124 hitoriae.

262 1148 291 1207 N
292 1167 339 1207 am
351 1153 498 1226 quantum
507 1147 605 1222 ferro,
616 1150 735 1203 tantum
744 1144 862 1222 pietate
873 1150 1018 1222 potenter

303 1230 439 1290 Stemus:
461 1228 605 1288 victrice
615 1232 771 1306 temperat
780 1227 827 1286 ira
837 1245 952 1289 manua.

261 1315 322 1375 llio
333 1315 413 1372 Anio
426 1312 567 1372 Tiburne
578 1312 658 1387 duis,
670 1309 846 1372 Clitumnus
857 1310 895 1371 ab
905 1308 1022 1388 Umbro

303 1396 455 1473 Tramite,
467 1402 500 1454 et
511 1401 671 1454 aeternum
684 1394 822 1455 Mureiua
832 1394 943 1453 lrurnor
954 1412 1042 1472 opus,

209 1494 243 1544 25
265 1479 405 1541 Albanus
414 1478 501 1538 laeua
511 1484 544 1537 et
554 1480 638 1538 aonia
647 1478 848 1539 Nemorensis
859 1479 896 1538 ab
907 1477 999 1555 uude,

303 1565 443 1643 Potaque
454 1560 591 1622 Pollucis
601 1560 729 1641 lympha
739 1560 870 1623 aulularia
882 1580 973 1641 equo.

261 1650 305 1710 At
315 1667 378 1707 non
388 1665 549 1725 squamoso
561 1645 707 1707 labuntur
716 1652 828 1706 ventre
839 1651 992 1722 ceratae,

302 1730 379 1792 ltalr
388 1731 545 1811 portentis
555 1747 614 1789 nec
624 1730 695 1789 iluit
704 1728 786 1789 undo
794 1730 890 1800 novis,

248 1813 330 1877 ‘Non
340 1815 393 1875 hie
403 1812 619 1873 Andromedae
631 1819 778 1872 resonant
787 1831 845 1892 pro
854 1819 954 1874 matre
966 1818 1105 1890 catenae,

209 1908 244 1962 30
304 1899 370 1958 Nee
381 1898 489 1957 tremis
501 1896 663 1972 Ausonias,
672 1896 800 1955 Phoebe
812 1896 927 1973 fugate,
940 1896 1046 1975 dapes,

262 1984 327 2043 Nee
341 1982 480 2059 culquam
494 1982 639 2039 absentee
650 1984 795 2037 arserunt
804 1978 838 2037 in
848 1985 940 2057 eaput
949 1979 1039 2056 ignea
1113 1980 1121 1991 ‘

301 2066 437 2127 Exitium
448 2069 520 2123 nato
532 2068 630 2122 matre
640 2066 784 2121 movente
796 2080 863 2137 auo,

262 2152 403 2212 Penthea
413 2167 476 2209 non
487 2165 595 2208 saevae
606 2151 758 2206 venantur
768 2146 801 2204 in
812 2146 925 2206 arbore
937 2143 1085 2224 Boeohoe,

301 2235 366 2296 Nee
380 2232 473 2295 solvit
484 2233 603 2292 Danaas
615 2229 738 2291 rubdita
748 2247 840 2288 eerra
849 2236 944 2307 retes,

209 2327 243 2380 35
266 2320 389 2381 cornua
400 2337 458 2377 nee
469 2317 565 2377 veluit
578 2315 750 2375 curvarein
761 2312 960 2393 pellieeluno

303 2404 367 2462 Aut
377 2401 489 2460 faelem
502 2399 587 2478 turpi
598 2397 790 2457 dedecorare
800 2397 890 2474 bore,

262 2488 482 2562 Arborearqaa
494 2499 602 2542 eruces
614 2481 708 2558 Sinin,
719 2486 753 2539 et
762 2499 826 2540 non
835 2479 959 2560 hospite
969 2478 1072 2540 (iniis

305 2569 392 2644 Saxo,
405 2572 438 2627 et
449 2572 586 2627 curvatas
597 2566 630 2624 in
640 2584 696 2624 aaa
706 2564 770 2623 latu
780 2565 895 2624 trabea.

263 2651 349 2714 llaec
356 2652 425 2728 tihi,
437 2649 541 2728 Tulle,
547 2668 671 2730 perena,
678 2650 756 2709 haee
762 2645 1026 2726 estpuleherrimu
1031 2645 1133 2728 reden,

208 2746 245 2801 40
306 2735 502 2815 Hictibipro
515 2730 876 2813 dignagentepetendua
886 2732 996 2808 honor,

262 2821 323 2882 llio
336 2821 394 2880 tibi
407 2819 446 2879 ad
458 2818 614 2899 eloquium
626 2820 720 2901 eirea,
731 2819 783 2878 hie
794 2813 895 2897 urnpla
904 2825 1052 2898 nepotum

302 2905 380 2986 Spes
392 2911 425 2965 et
435 2911 582 2966 venturae
597 2903 736 2982 coniugia
747 2908 837 2983 aptur
849 2921 942 2963 amor.

550 3015 752 3026 --—-——-——

193 3038 249 3133 23
266 3035 353 3150 llrgo
367 3077 430 3128 tam
441 3065 550 3129 (laetae
560 3072 634 3129 nobi
662 3069 789 3146 periere
800 3066 946 3142 tobellee,

306 3153 430 3230 Scripta
441 3151 550 3226 quibu·
561 3150 681 3228 pariter
689 3153 739 3206 tot
748 3149 874 3225 periere
884 3149 973 3205 bona.

260 3240 325 3299 Has
338 3230 490 3315 quondam
500 3233 616 3290 nustria
627 3231 765 3288 manibus
777 3228 1041 3303 detrinentum,

250 3340 253 3348 ¹
304 3321 364 3398 Qui
374 3336 437 3378 non
449 3316 582 3394 signatae
593 3312 684 3372 iussit
693 3311 810 3370 habere
820 3308 922 3370 iidem.

65 3417 66 3482 i
225 3404 337 3469 5lllae
349 3405 409 3463 iam
419 3402 487 3461 aine
498 3416 546 3458 me
558 3401 669 3457 norant
678 3393 802 3476 placare
811 3390 931 3472 puellas

303 3490 346 3551 Et
355 3483 506 3565 quaedam
516 3483 582 3543 rine
595 3500 644 3540 me
654 3481 751 3540 verbo
760 3477 879 3540 diserte
889 3473 985 3553 loqui.

264 3573 333 3634 Non
344 3568 414 3631 illan
424 3569 517 3628 fixum
529 3585 614 3626 aaron
625 3565 776 3626 effecerat
785 3579 907 3622 eurum:

305 3653 433 3733 Vulgari
444 3654 524 3712 bura
535 3648 660 3711 aordldo
671 3648 820 3710 certiuit.

266 3738 509 3818 Qualeroumque
519 3734 593 3794 mihi
606 3751 729 3814 aeraper
739 3745 880 3792 mansere
895 3723 1017 3847 fideles,

569 4040 708 4095 A
