2717 4325
430 455 625 519 LIBER
664 456 846 537 1v‚1c‚17.
1091 460 1131 525 79

301 625 444 685 Libatum
453 624 607 689 fundem
596 644 630 685 ιι
641 631 695 685 ιιι
704 644 791 685 sacra
801 644 928 690 merum.

260 709 346 769 llaec
358 726 415 787 ego
426 728 489 769 nou
499 708 606 770 humili
617 711 753 771 referam
762 710 960 772 memoranda
967 713 1130 792 cothurno,

206 801 242 854 40
305 790 412 870 Qualia
424 791 590 853 Pindarico
602 794 730 873 spiritua
742 813 797 853 ore
808 801 904 854 tonat.

260 876 310 937 Tu
320 876 412 937 modo
423 877 550 937 acrvitlo
561 896 687 937 vacuum
697 896 747 937 me
758 879 835 938 aiate
846 880 981 959 superbo

300 961 402 1040 Atque
413 961 474 1021 hcc
485 958 690 1021 sollicitum’
662 979 751 1021 vaucc
762 981 875 1087 copore
887 970 987 1043 caput.

187 1090 241 1183 ll
261 1090 397 1186 Clausus
412 1128 448 1187 ab
460 1126 605 1187 umbroso
618 1144 677 1203 qua
686 1124 768 1185 ludat
776 1133 891 1205 pautua
900 1128 1034 1207 Averno,
1076 1092 1131 1186 18

300 1208 431 1270 Fumida
441 1210 583 1269 Baiarum
596 1214 703 1287 stagna
713 1210 850 1289 tepentia
862 1228 968 1288 aquae,

262 1292 329 1368 Qua
339 1295 421 1352 iacet
432 1298 465 1351 et
476 1291 591 1351 Troiae
602 1293 728 1353 tubicen
737 1292 878 1352 Misenus
889 1312 992 1371 arena,

301 1376 343 1435 Et
354 1380 443 1434 acuat
453 1375 610 1435 Herculeo
620 1381 739 1435 structa
748 1373 896 1435 labere
867 1394 926 1454 ιιι,

222 1468 238 1519 5
260 1457 331 1535 Hic,
345 1459 409 1535 ubi,
422 1456 559 1518 mortalia
572 1458 680 1520 dextra
692 1479 760 1519 cum
771 1466 940 1538 quaereret
948 1462 1052 1540 urbes,

301 1539 449 1619 Cymbala
460 1542 610 1604 Thebano
623 1562 834 1623 concrepuere
845 1541 916 1621 (leo,

260 1625 303 1684 At
312 1644 394 1685 nuuc
404 1626 520 1686 iuviaae
530 1644 639 1705 magno
651 1642 720 1687 cum
730 1628 858 1687 crimine
869 1629 973 1705 Baiae,

302 1708 377 1785 Quia
390 1707 485 1769 deus
475 1728 508 1769 m
519 1715 621 1771 vestra
633 1711 773 1771 cauatitlt
782 1712 881 1771 hcatia
892 1711 992 1790 aquai

231 1810 239 1817 ‘
259 1790 317 1851 ilia
328 1810 453 1871 pressus
465 1792 586 1871 Stygiae
597 1792 713 1853 vultum
724 1792 849 1855 demisit
858 1796 891 1855 lu
901 1792 1009 1873 uulua,

206 1883 240 1937 10
299 1876 394 1937 Errat
404 1876 593 1935 etinveatrc
605 1876 732 1954 spiritua
742 1876 797 1935 ille
806 1876 885 1937 lacu.

261 1957 343 2036 Quid
353 1976 449 2037 geum
460 1962 512 2016 aut
522 1959 619 2017 virtus
631 1964 684 2016 aut
695 1960 810 2036 optima
820 1960 939 2038 profuit
948 1958 998 2021 illi

302 2043 416 2119 Mater,
428 2046 461 2101 et
472 2038 644 2119 amplexum
655 2041 797 2101 caecaris
808 2059 879 2101 ecee
890 2042 1000 2103 luccat

260 2128 323 2189 Aut
333 2124 423 2186 modo
435 2130 498 2186 tam
507 2122 602 2205 p'leuc
612 2124 765 2186 fluitantia
774 2122 844 2185 vela
853 2125 976 2186 theatro

300 2211 343 2272 Et
352 2228 409 2291 per
420 2215 575 2281 maternas
588 2210 689 2270 omnia
699 2215 787 2286 gesta
799 2209 930 2268 manua?

209 2304 241 2357 15
263 2293 395 2372 Occidit,
409 2299 442 2353 et
452 2295 565 2355 misero
578 2299 710 2354 steterat
718 2294 882 2373 vigesimus
894 2311 1004 2352 auum:

303 2378 367 2438 Tot
376 2379 457 2436 baua
471 2384 534 2440 tam
544 2397 637 2458 parve
649 2377 759 2438 clamit
769 2378 802 2436 iu
814 2379 890 2438 orbe
902 2375 978 2437 «lies.

261 2463 375 2538 11111110,
386 2458 464 2520 tolle
476 2463 593 2522 animoa
605 2469 638 2520 et
648 2467 752 2521 tecum
761 2462 844 2539 finge
855 2459 1038 2536 triumphos,

300 2545 480 2624 stantiaque
493 2545 527 2604 iu
536 2542 676 2625 plausum
686 2550 753 2604 tcta
762 2545 886 2604 theatra
895 2543 1010 2619 iuvent,

261 2625 412 2688 Attalicas
423 2645 535 2708 supera
546 2634 659 2706 vestes,
670 2628 877 2706 atquecmuia
885 2627 1003 2703 magula

208 2723 243 2775 ιο
303 2712 449 2772 Gemmea
460 2713 523 2772 aiut
532 2709 630 2772 ludia:
652 2711 775 2790 ignibus
784 2713 844 2772 iata
854 2709 950 2769 (labia.
1089 2767 1097 2782 ,

261 2795 324 2855 Sed
339 2802 443 2856 tamen
459 2796 519 2856 huc
531 2814 647 2874 omues,
658 2796 720 2856 huc
727 2797 845 2876 primm
856 2801 889 2855 et
898 2792 1026 2856 ultimus
1038 2794 1130 2857 crdo:

299 2880 356 2940 Eat
367 2878 454 2958 mula,
466 2879 523 2941 aed
534 2880 652 2942 cunctis
663 2881 724 2940 iata
733 2880 866 2941 terenda
874 2881 923 2940 via
933 2886 991 2942 eut.

258 2963 420 3025 Exoranda
429 2965 513 3025 cani
524 2967 586 3026 tria
595 2970 668 3025 aunt
677 2963 822 3026 latrantia
832 2962 924 3042 calla,

300 3047 481 3108 Scaudenda
493 3054 542 3108 eat
551 3049 632 3108 torvi
641 3045 766 3124 publica
777 3049 885 3126 cymba
895 3049 989 3108 senia.
1003 3086 1006 3095 ·

206 3138 239 3193 ia
261 3128 318 3191 llle
329 3128 407 3188 licet
417 3129 505 3188 ferro
517 3135 622 3187 cautu·
633 3146 667 3186 ae
679 3127 792 3188 coualat
803 3135 836 3188 et
845 3146 930 3203 aere,

297 3213 385 3273 Mora
397 3217 501 3269 tamen
510 3208 663 3269 inclusum
673 3205 830 3287 piotrahit
839 3209 914 3268 iude
928 3216 1027 3288 caput.

258 3297 352 3358 Nirea
362 3314 425 3354 uon
435 3293 542 3369 facies,
557 3309 620 3351 uon
629 3292 674 3350 vis
687 3292 801 3350 exemit
810 3288 977 3369 Achillem,

300 3382 451 3442 Croesum
463 3382 524 3454 aut,
535 3371 656 3436 Pactoli
669 3393 743 3454 quae
754 3375 836 3454 parit
847 3375 968 3451 humor,
980 3392 1064 3468 epea

257 3465 318 3525 Hic
330 3462 423 3524 clim
413 3479 536 3540 aguaroa
546 3459 648 3520 luctus
659 3456 816 3539 populavit
826 3458 977 3535 Achivos,

204 3531 429 3611 aoAtridac
440 3563 548 3624 magno
561 3562 629 3603 cum
639 3544 729 3603 stetit
739 3540 820 3603 alter
832 3561 926 3603 amar

204 3557 301 3691 3⁰At
311 3632 379 3709 tihi,
390 3635 491 3707 nauta,
502 3629 568 3710 pias
580 3628 737 3688 homiuum
748 3647 801 3708 qua
792 3626 922 3686 'traicis
932 3625 1066 3701 umbras,

300 3715 369 3775 liuc
380 3714 497 3774 animae
510 3717 638 3794 portent
648 3732 760 3794 corpus
770 3713 862 3773 inane
872 3717 955 3789 tuae,

585 4010 741 4106 Α,
