2717 4325
423 499 427 506 -
506 469 873 553 manuam.
1128 474 1170 538 aa

298 639 353 704 llla
364 640 431 701 dies
441 641 548 699 hornis
560 639 686 701 caedem
697 640 859 701 denuntiat
868 642 965 720 agnis,

340 722 722 803 Succinctiqueeulentatl
730 723 905 785 novalucrt
914 743 1025 805 papae.

297 809 355 887 Ne,
365 826 489 891 precor,
500 809 635 869 ascensis
646 810 726 869 tanti
736 810 778 869 sit
788 806 887 887 gloria
897 809 1029 888 Bactris,

337 893 474 973 Raptave
486 891 614 953 odanto
626 894 752 953 tarbua
762 891 827 952 lina
838 891 920 971 duci,

245 986 279 1042 65
299 975 448 1037 Plumbea
462 996 530 1036 eum
541 981 643 1037 tortae
655 982 841 1055 sparguntur
850 976 991 1057 pandera
1001 976 1126 1054 fundae,

338 1057 492 1121 Subdolus
503 1065 537 1119 et
546 1059 644 1118 versis
654 1060 796 1137 increpat
806 1078 895 1119 araus
906 1061 1004 1139 equis.

297 1143 370 1222 Sed,
382 1150 436 1205 tua
445 1145 490 1203 sia
502 1142 626 1202 domitis
637 1141 772 1201 Parthae
782 1139 906 1201 telluris
916 1144 1045 1203 alumnis

335 1230 420 1289 Pura
430 1225 648 1305 triumphantis
658 1225 747 1284 hasta
759 1231 906 1303 sequatur
917 1244 1024 1305 equos,

295 1315 480 1389 Incorrupta
489 1309 550 1368 mei
562 1326 710 1368 conserva
718 1307 849 1369 foedera
858 1308 943 1370 lecti.

210 1453 218 1463 ,
243 1404 279 1459 70
340 1394 407 1453 Hau
422 1410 479 1470 ego
490 1398 523 1451 te
535 1391 600 1453 sola
609 1389 681 1471 lege
692 1391 813 1452 redisse
824 1391 928 1471 velita,

298 1479 454 1557 Armaque
466 1496 534 1536 eum
544 1474 646 1537 tulero
656 1484 767 1558 portae
777 1478 879 1537 votiva
889 1477 1043 1557 capenae,

340 1561 536 1622 Subscribam
547 1559 642 1621 ‘salvo
656 1568 743 1641 grata
752 1560 857 1641 puella
865 1562 957 1622 viro!

249 1693 278 1785 4
296 1692 465 1809 Tarpeium
476 1746 584 1789 nemus
597 1735 631 1789 et
642 1729 797 1809 Tarpeiae
807 1735 900 1809 turpe
911 1726 1089 1811 sepulerum

336 1813 439 1873 Faber
451 1818 485 1872 et
496 1815 613 1891 antiqui
623 1811 729 1873 llmiua
742 1819 831 1893 capta
840 1813 929 1875 latis.

296 1895 398 1956 Lupus
410 1902 478 1955 erat
487 1894 562 1956 felix
573 1894 728 1955 hederoso
740 1895 883 1956 conditus
895 1903 995 1974 antro,

336 1978 498 2057 Multaque¹
510 1979 620 2037 nativis
631 1979 788 2056 obstrepit
798 1980 891 2038 arbor
903 1982 1000 2057 aquis,

261 2071 277 2124 5
299 2062 415 2124 Silvani
427 2081 547 2122 ramosa
558 2060 675 2139 domus,
689 2078 749 2140 qua
762 2059 861 2121 ‹luleu
872 2062 910 2121 ab
921 2069 1009 2123 aestu
1036 2110 1045 2119 .

337 2145 459 2209 Fistula
468 2153 595 2228 poturas
606 2146 654 2206 ire
665 2144 794 2205 iubebat
805 2164 887 2208 oves.

296 2233 387 2294 Hune
399 2231 508 2292 Tatius
518 2231 637 2291 fontem
647 2228 727 2290 vallo
738 2230 914 2310 praecingit
923 2246 1048 2309 acerno,

335 2315 476 2395 Fidaque
489 2321 632 2394 suggesta
644 2320 745 2374 eastra
756 2318 884 2374 coronat
894 2314 996 2376 hunno.
1080 2365 1085 2372 .
1100 2363 1103 2370 .

298 2399 379 2477 Quid
388 2405 454 2458 tum
465 2400 562 2459 Roma
571 2398 642 2474 fuit,
652 2398 890 2484 tubiaenhvieina
901 2398 1025 2459 Curetis

243 2492 278 2546 10
339 2484 416 2543 (lum
429 2487 572 2562 quateret
581 2479 669 2541 lento
680 2498 837 2541 murmure
847 2500 917 2540 saxa
927 2482 1016 2557 lovis,

297 2569 401 2646 Atque
412 2567 465 2626 ubi
475 2584 559 2625 nune
568 2565 662 2625 terri
673 2564 819 2625 (licuntur
828 2566 896 2624 iura
907 2564 1051 2641 subactis,

338 2649 468 2709 Stabant
477 2650 613 2709 Romano
624 2647 690 2728 pila
700 2648 813 2710 Sabina
823 2648 917 2708 farai

220 2783 227 2792 .
297 2733 406 2794 Murus
418 2738 507 2794 eraut
517 2739 652 2794 mantes:
673 2734 727 2794 ubi
738 2751 819 2794 nunc
830 2739 879 2793 est
891 2732 985 2793 (luris
996 2738 1094 2814 septu,

336 2816 473 2880 Bellicus
483 2836 521 2879 ex
531 2817 586 2879 illo
600 2818 686 2878 fonte
697 2821 824 2880 bibebat
833 2837 940 2898 equus.

242 2910 274 2963 15
297 2901 377 2964 Hine
389 2903 524 2984 Tarpeia
536 2903 612 2965 deae
623 2903 743 2965 sontem
753 2898 874 2965 libavit:
888 2911 930 2965 -at
939 2901 987 2965 illi

334 2986 617 3065 Urgebatmedium
628 2987 934 3068 fictilisurnaeaput.

294 3072 335 3130 Et
345 3071 419 3127 satis
430 3087 490 3126 uua
500 3070 596 3128 malae
607 3073 710 3146 potuit
719 3089 801 3128 murs
812 3089 882 3128 esse
892 3069 1025 3147 puellae,

337 3152 421 3227 Quae
432 3148 529 3208 voluit
539 3151 674 3208 flammas
684 3149 807 3226 fallere,
818 3150 924 3224 Vesta,
935 3147 1026 3207 tuas?

295 3235 384 3298 Vidit
394 3233 555 3292 harenosis
567 3230 691 3290 Tatium
701 3229 871 3308 proludere
882 3232 996 3309 eampis

241 3331 278 3383 20
337 3319 486 3395 Pictaque
496 3331 554 3393 per
565 3314 656 3372 flavas
670 3330 753 3371 arma
761 3310 867 3370 levare
877 3313 982 3372 iubas:

298 3401 464 3481 Obstupuit
474 3397 558 3476 regis
568 3396 649 3455 facie
661 3402 694 3454 et
704 3392 861 3473 regalibus
873 3398 975 3472 armis,

338 3487 484 3563 Interque
496 3478 606 3541 oblitas
618 3479 734 3540 excidit
743 3497 821 3539 urna
831 3496 946 3540 manus.

64 3500 70 3686 l
219 3612 223 3619 ι
299 3570 397 3650 Saepe
408 3567 461 3628 illa
471 3564 635 3626 inmeritae
647 3570 768 3625 causatu
778 3568 828 3623 est
840 3562 940 3622 omina
950 3560 1051 3638 lunae,

335 3655 378 3716 Et
389 3651 446 3712 sibi
457 3646 620 3728 tingendas
632 3645 752 3712 ‹lixit-in
765 3665 853 3708 amne
865 3663 982 3706 comas:

64 3696 76 3907 ι
244 3747 278 3802 25
300 3737 398 3818 Saepe
409 3732 481 3796 tulit
490 3730 611 3795 blandis
623 3740 769 3814 argentea
776 3730 845 3805 lilia
854 3730 1014 3812 Nymphis,
