2717 4325
195 425 238 487 44
486 420 676 487 csuotnl
699 421 833 487 canu.
854 430 900 487 tt.

277 593 429 654 inmemor
449 600 480 652 at
500 594 616 653 iureuia
637 592 759 671 lugiens
778 591 870 671 pellit
889 588 964 651 rada
984 592 1097 668 remis,

278 677 368 736 irrita
389 683 534 736 ventosae
553 675 696 754 ltnquens
715 677 865 755 pro-issa
881 673 1049 754 procellae.

223 772 258 826 60
278 760 374 837 Quem
392 760 500 840 procul
521 778 559 819 ex
578 759 646 838 alga
666 762 790 821 maeatis
811 760 926 819 Minois
945 758 1070 832 ocellis,

277 844 373 903 Saxca
394 850 428 903 ut
449 844 569 921 efligies
591 845 784 920 bacchantis,
807 842 972 922 prospicit,
995 843 1092 917 eireu,

275 925 430 1007 Prospicit
449 935 483 987 et
502 928 617 1005 magnis
638 942 778 987 curarum
798 928 925 987 fluctuat
940 924 1047 998 undis,

275 1012 344 1071 Non
363 1012 441 1070 flavo
459 1012 598 1071 retinens
619 1010 764 1092 subtilem
784 1012 902 1071 vertice
923 1010 1061 1086 mitram,

276 1092 344 1155 Non
365 1102 505 1155 contecta
525 1094 587 1155 levi
605 1093 738 1154 relatum
759 1103 868 1174 pectus
889 1094 1017 1167 amictu,

222 1188 256 1242 65
276 1178 343 1237 Nou
363 1180 459 1240 tereti
479 1180 618 1259 strophio
640 1178 785 1239 lactentis
804 1180 906 1239 vincta
925 1174 1073 1256 papillas,

276 1262 384 1324 Omnia
402 1280 479 1341 quae
499 1270 565 1324 toto
587 1261 713 1342 delapsa
733 1280 752 1321 e
772 1279 904 1341 corpore
924 1262 1037 1339 passim

275 1346 289 1406 1
311 1346 373 1406 sius
393 1353 464 1407 ante
484 1346 583 1427 pedes
603 1348 715 1407 fluctus
735 1343 809 1405 salis
830 1342 1017 1405 alludebant.

277 1366 328 1489 dle
349 1448 450 1507 neque
472 1438 536 1490 tum
554 1432 663 1490 mitrae
682 1447 784 1509 neque
804 1437 868 1489 tum
888 1428 1037 1490 fluitsntis
1057 1427 1184 1488 amiotus

275 1511 333 1573 llla
353 1514 451 1573 ricem
473 1532 581 1573 curans
601 1520 668 1573 toto
689 1532 727 1573 ex
747 1520 780 1573 te
800 1520 945 1592 pectore,
967 1510 1107 1587 Theseu,

224 1604 257 1660 70
278 1595 358 1657 'l'oto
379 1598 495 1675 auimo,
517 1605 581 1657 tota
602 1594 758 1677 pendebat
777 1593 900 1677 perdita
920 1602 1033 1655 mente.

275 1680 326 1739 Ah
346 1682 474 1755 misera,
496 1681 624 1740 assiduis
645 1699 734 1760 quam
752 1678 885 1741 luctibus
904 1679 1076 1739 extenuit

276 1763 420 1843 Spiuoaas
442 1765 575 1843 Erycina
596 1782 705 1825 serens
725 1764 758 1823 in
778 1771 906 1844 pectore
925 1779 1013 1823 curas

214 1850 215 1853 ’
275 1846 332 1907 llls
352 1854 551 1927 tempestate,
572 1848 660 1908 ieron
679 1866 739 1925 quo
760 1865 797 1907 ex
817 1855 958 1926 tempore
977 1845 1117 1905 Theseus

275 1932 426 2008 Egressus
445 1934 544 1992 curvis
566 1930 747 1992 olitoribus
767 1932 871 1991 Piraei

224 2020 256 2077 75
277 2014 390 2091 Attigit
407 2017 513 2075 iniusti
532 2017 616 2093 regis
637 2016 788 2093 Gortynia
807 2020 900 2077 tecta.

276 2099 350 2158 Nam
368 2100 535 2178 perhibent
555 2099 626 2159 olim
647 2098 767 2159 crudeli
787 2105 877 2179 peste
898 2103 1031 2158 coactam

274 2181 518 2262 Androgeoneae
538 2203 653 2264 poenas
675 2181 820 2244 exolvere
841 2180 945 2242 caedis

274 2264 400 2326 lllectos
420 2269 545 2328 iuvenes
566 2267 707 2328 simulet
727 2265 821 2327 decus
838 2267 1034 2346 innuptarum

152 2387 158 2408 .
275 2350 455 2429 Cecropiam
477 2350 598 2413 solitam
619 2370 689 2412 esse
710 2351 819 2431 dapem
840 2348 913 2410 dare
934 2347 1119 2409 Minotauro.

220 2442 255 2496 8⁰
275 2435 350 2509 Quis
372 2444 498 2513 angusta
519 2433 606 2495 malis
628 2453 697 2496 cum
718 2437 839 2494 moenia
858 2438 1059 2506 vexarentur,

275 2516 344 2596 lpse
366 2533 452 2578 suum
474 2518 614 2579 Theseus
631 2538 690 2600 pro
711 2520 791 2578 caris
811 2537 922 2598 conpos
942 2516 1074 2575 Attreuia

277 2600 434 2662 Proiicere
455 2605 569 2682 optarit
589 2603 798 2682 potiusquam
819 2599 894 2661 talia
914 2601 1039 2660 Cretam

276 2683 397 2745 Funera
418 2687 585 2765 Cecropiae
607 2701 665 2745 nec
685 2686 795 2744 funera
814 2690 1031 2764 portarentur,

277 2767 379 2846 Atque
398 2769 442 2828 ita
460 2786 536 2829 nave
557 2767 619 2830 levi
639 2769 741 2828 nitens
762 2786 798 2828 ac
815 2767 936 2828 lenibus
956 2766 1039 2826 auris

222 2859 256 2914 85
278 2851 502 2929 Magnanimum
523 2851 562 2912 ad
581 2853 688 2912 Minoa
709 2854 793 2913 venit
812 2851 965 2930 sedesque
982 2849 1140 2927 superbas.

274 2934 364 2994 Hunc
386 2934 476 2995 slmul
497 2955 532 2995 ac
553 2935 663 3014 cupido
684 2938 843 3015 conspexit
859 2933 976 2994 lumine
995 2935 1081 3010 virgo

274 3019 386 3096 Regia,
409 3033 497 3097 quam
518 3021 616 3078 suavis
636 3019 777 3098 expirans
798 3025 899 3079 castus
920 3016 1032 3077 odores

194 3131 199 3144 ·
273 3101 419 3162 Lectulus
441 3104 473 3162 in
490 3102 575 3162 molli
596 3101 756 3184 complexu
776 3102 882 3162 matris
903 3100 1019 3178 alebat,

275 3184 387 3258 Quales
408 3187 543 3245 Eurotae
562 3189 748 3265 progignunt
769 3187 893 3247 flumina
913 3192 1030 3263 myrtus

222 3275 257 3330 90
277 3268 396 3327 durare
417 3268 577 3329 distinctos
598 3269 702 3330 educit
721 3289 816 3329 verna
836 3268 972 3344 colores,

273 3351 341 3410 Non
360 3353 445 3432 prius
464 3371 501 3411 ex
522 3351 578 3412 illo
599 3354 758 3431 flagrantia
776 3352 941 3420 declinavit

273 3435 415 3513 Lumina,
436 3455 524 3514 quam
546 3444 655 3496 cuncto
677 3439 819 3517 concepit
841 3454 972 3514 corpore
991 3435 1143 3496 flammam

272 3516 422 3580 Funditus
443 3528 535 3598 atque
554 3521 623 3580 imis
644 3522 757 3580 exarsit
778 3528 842 3581 tots
862 3517 1015 3580 medullis.

272 3599 341 3662 ileu
361 3607 472 3666 misere
492 3606 646 3682 exagitans
667 3605 776 3664 immiti
797 3603 891 3664 eorde
911 3604 1035 3663 furores

218 3692 251 3746 95
273 3685 383 3748 Sancte
401 3707 496 3769 puer,
518 3689 599 3750 curis
620 3689 776 3749 hominum
796 3689 848 3767 qui
868 3688 977 3767 gaudia
996 3689 1126 3765 misces,
