2717 4325
534 388 860 467 crunnus·
1131 394 1174 459 aa

303 556 337 618 Si
347 554 437 617 modo
449 553 611 617 Avernalis
622 553 774 615 tremulae
785 557 905 616 cortina
916 554 1052 635 Sibyllae

248 649 284 703 50
344 640 428 701 Dixit
437 640 591 702 Auentino
603 660 675 700 rura
685 638 798 719 pianda
807 638 916 718 Remo,

301 724 365 785 Aut
376 725 403 783 ai
412 723 599 801 Pergameae
611 741 682 783 sero
694 730 760 783 rata
771 725 907 783 carmina
919 725 996 783 vatis

341 807 534 885 Longaevum
546 806 585 867 ad
594 807 710 869 Priami
720 826 793 867 vera
802 806 893 880 fuere
907 815 1008 887 caput,

301 888 435 951 <Vertite
447 910 569 971 equum,
580 890 688 967 Danai,
699 888 777 951 mule
789 892 927 951 vincitis:
948 890 1005 951 ilia
1014 890 1109 953 tellus

340 974 442 1053 Vivet,
456 982 488 1035 et
498 975 570 1035 huic
583 975 681 1033 cineri
692 974 726 1033 lu
747 976 830 1053 piter
842 993 925 1034 arma
936 971 1045 1037 dabit?

205 1057 208 1061 ’
245 1066 279 1118 55
301 1058 424 1138 Optima
433 1059 588 1119 nutricum
599 1057 715 1117 notris
724 993 799 1137 iupa
809 1057 924 1117 Martia
933 1061 1037 1137 reisue,

340 1139 448 1217 Qualia
460 1145 627 1201 creverunt
637 1141 758 1199 moenia
767 1138 848 1199 lacte
859 1141 929 1199 tuo!

298 1224 424 1285 Moenia
435 1241 566 1302 namque
578 1224 629 1302 pio
641 1242 737 1283 conor
749 1222 915 1304 disponere
927 1240 1033 1283 versu:

339 1308 401 1366 IIei
413 1307 498 1383 mihi,
514 1304 596 1385 quod
608 1313 715 1365 nostro
728 1312 778 1365 est
787 1326 898 1386 parvus
908 1307 942 1365 iu
952 1325 1007 1366 ore
1020 1309 1127 1367 sonus!
1222 1348 1226 1359 ·

300 1389 363 1449 Sed
372 1396 477 1450 tamen
490 1392 599 1467 exiguo
612 1389 826 1469 quodcumque
838 1408 856 1449 e
866 1396 996 1470 pectore
1007 1390 1079 1451 rivi

245 1481 280 1535 60
339 1472 492 1551 Finxerit,
504 1475 563 1533 hoc
574 1475 695 1554 patriae
705 1474 821 1534 seruet
832 1491 922 1533 omne
933 1491 1029 1535 meae.

297 1558 415 1619 Ennius
428 1558 547 1617 hirsuta
559 1560 661 1637 cingat
674 1578 728 1618 sua
739 1556 821 1617 dicta
832 1576 961 1617 corona:

337 1639 472 1701 Misolia
483 1661 520 1701 ex
530 1641 649 1701 hedera
658 1643 796 1722 porrige,
807 1642 941 1719 Bacche,
952 1648 1014 1719 tua,

296 1724 340 1784 Ut
348 1726 464 1784 notris
474 1726 641 1786 tumefacta
652 1727 812 1807 superbiat
822 1727 951 1789 Umbria
959 1723 1060 1800 libris,

337 1806 464 1867 Umbria
474 1808 602 1869 Romani
612 1810 713 1888 patria
724 1808 914 1871 Callimachi.

223 1920 228 1955 ;
242 1899 277 1953 65
299 1889 490 1951 scandentes
502 1892 528 1951 si
540 1893 607 1970 quis
620 1898 730 1950 cernet
740 1890 779 1951 de
790 1891 920 1952 vallibus
929 1911 1027 1971 arces,

336 1974 461 2053 Ingenio
473 1994 576 2034 muros
588 1975 731 2033 aestimet
741 1972 796 2034 ille
807 1993 885 2034 meo.

295 2058 402 2136 Roma,
413 2055 492 2135 save,
503 2058 561 2117 tibi
573 2059 672 2137 surgit
682 2076 770 2138 opus,
782 2056 854 2116 date
865 2056 996 2115 candida
1006 2058 1088 2117 cirea

337 2142 456 2220 Omina,
468 2148 501 2201 et
510 2142 643 2222 inceptis
655 2140 786 2202 dextera
797 2145 902 2201 cantet
912 2139 983 2200 avis.

297 2223 389 2286 Sacra
406 2225 535 2305 diesque
547 2245 651 2286 cunam
662 2231 696 2286 et
708 2226 888 2304 cognomina
898 2224 1000 2304 prisca
1012 2222 1166 2286 locorum:

242 2315 277 2371 70
337 2311 400 2370 Has
410 2329 495 2370 meus
507 2309 547 2370 ad
556 2315 654 2370 metas
667 2307 759 2368 sudet
770 2313 895 2388 oportet
905 2326 1013 2387 equus.

213 2464 220 2478 .
296 2393 376 2468 ‘Quo
390 2394 454 2452 ruis
466 2391 646 2471 inprudens,
659 2409 745 2469 vage,
757 2390 863 2451 dicere
874 2391 948 2468 fata,
958 2390 1128 2471 Properti‘.²

336 2475 404 2537 Nou
418 2481 489 2534 sunt
499 2476 537 2534 ah
549 2474 659 2536 dextro
671 2473 795 2540 condita
804 2472 858 2534 fila
869 2473 946 2536 colo.

296 2560 422 2618 Aversis
434 2559 532 2618 Musis
544 2565 658 2636 cautas,
673 2572 797 2619 aversus
807 2556 940 2639 Apollo:

336 2641 442 2702 Poscis
454 2642 490 2701 ab
501 2641 596 2703 iuvita
606 2645 700 2703 verba
709 2642 844 2723 pigenda
853 2640 932 2722 lyra.

243 2732 276 2787 75
299 2724 392 2786 Certa
402 2727 501 2788 ieram
513 2729 608 2788 certis
620 2729 812 2789 auctoribus:
825 2726 909 2788 haud
921 2745 979 2807 ego
990 2734 1075 2788 vates

334 2809 463 2872 Nescius
477 2818 581 2874 cerata
591 2814 678 2892 sigua
688 2831 814 2874 movere
825 2812 897 2893 piIa.

294 2894 348 2953 Me
362 2904 447 2957 creat
457 2897 614 2977 Archytae
626 2897 750 2958 soboles
761 2897 948 2977 Babylonius
959 2896 1084 2975 Horops

334 2979 444 3039 Horon
455 2987 487 3039 et
497 3001 515 3038 a
524 3000 637 3058 proavo
651 2980 743 3041 ducta
754 2981 882 3040 Conone
894 2980 1010 3041 domus.

294 3059 333 3118 Di
344 3060 419 3117 mihi
430 3067 501 3118 suut
512 3067 609 3118 testes
620 3079 683 3119 uon
695 3062 902 3136 degenerasse
912 3062 1114 3139 propinquos,

242 3151 277 3206 80
339 3141 434 3219 luque
449 3141 526 3198 meis
536 3139 625 3199 libris
636 3141 681 3200 nil
690 3142 777 3219 prius
789 3161 858 3201 esse
868 3141 942 3202 fide.

295 3223 382 3286 Nunc
394 3222 527 3302 pretium
538 3221 644 3282 fecere
657 3222 733 3282 deos
744 3231 777 3280 et
786 3223 903 3283 fallitur
915 3243 989 3283 auro

335 3307 483 3387 Iuppiter,
494 3303 637 3384 obliquae
649 3307 736 3385 sigua
745 3306 858 3365 iterata
867 3312 965 3368 rotae.

294 3391 480 3470 Felicesque
491 3389 569 3450 Iovis
581 3387 687 3450 stellas
697 3389 871 3467 Martisque
882 3392 1000 3468 rapacis

336 3477 378 3535 Et
388 3493 479 3554 grave
493 3472 618 3534 Saturni
628 3474 713 3534 sidus
723 3475 756 3534 iu
768 3491 857 3535 omne
869 3479 970 3552 caput,

243 3569 277 3622 85
300 3558 534 3635 Quidmoveant
544 3557 651 3620 Pisces
662 3561 859 3636 animosaque
871 3557 957 3634 sigua
967 3554 1093 3636 Leonis,

337 3643 432 3702 Lotus
444 3647 477 3702 et
487 3643 641 3722 Hesperia
653 3643 727 3724 quid
738 3642 946 3722 Capricornus
958 3660 1044 3722 equa,
