2717 4325
245 428 287 493 74
543 420 904 486 PROPllli'l'll

369 596 432 655 Aut
441 593 555 654 variam
565 588 689 673 plumae
699 587 900 650 versicoloris
914 606 1010 654 arem.

329 680 387 739 ilis
398 690 464 737 tum
473 674 634 737 blanditiis
645 675 759 735 iurtiva
768 692 827 753 per
839 679 928 733 antra
937 671 1063 754 puellae

370 759 484 822 Oscula
496 758 644 821 silvicolis
656 763 760 838 empta
770 756 889 817 dedere
900 757 985 819 viris.
1019 762 1023 769 '

275 854 309 911 35
333 842 681 925 lliunuleipellistotos
694 842 837 922 operibat
848 847 996 917 amantes,

371 928 505 1007 Altaque
516 928 619 987 nativa
631 930 774 986 creverat
783 925 883 985 herha
894 930 976 1002 tare,

329 1015 425 1074 Pinus
440 1018 472 1072 et
482 1012 662 1071 incumbens
672 1007 775 1069 lentas
787 1007 997 1069 circumdabat
1006 1010 1141 1089 umbras,

370 1094 436 1155 Nea
446 1095 550 1155 fuerat
560 1093 656 1155 nudas
667 1112 769 1174 poena
778 1091 886 1152 videre
897 1091 983 1170 deas,

330 1180 483 1258 Corniger
495 1184 587 1258 atque
599 1176 651 1237 dei
661 1196 785 1237 vacuam
794 1177 929 1256 pastoris
939 1177 973 1235 in
984 1173 1084 1237 aulana

277 1272 312 1326 to
372 1264 439 1323 Dux
455 1264 535 1322 arie
546 1267 665 1321 saturas
675 1262 745 1341 ipse
756 1259 882 1320 reduxit
892 1276 975 1337 ares,

330 1346 430 1424 Dique
442 1344 581 1423 deaeque
593 1363 710 1422 ornnes,
723 1346 833 1423 quihus
845 1350 895 1403 est
903 1342 1001 1403 tutela
1011 1361 1069 1424 per
1080 1362 1182 1423 agros,

371 1430 568 1489 Praebebant
579 1430 692 1488 vestri
702 1429 797 1488 verba
806 1428 941 1506 benigna
950 1426 1046 1487 iocis:

331 1514 384 1575 ‘Et
394 1511 547 1594 leporem,
560 1514 743 1591 quicumque
757 1512 855 1589 renis,
866 1510 1041 1590 venaberis,
1051 1510 1178 1594 hospes,

371 1596 413 1657 Et
424 1598 451 1655 si
461 1596 545 1655 iorte
556 1614 625 1655 meo
637 1597 763 1655 tramite
776 1597 1012 1675 quaeritarem:

277 1689 312 1742 45
331 1680 374 1741 Et
383 1698 432 1738 me
443 1679 527 1738 Pana
538 1680 595 1738 tihi
606 1680 751 1739 comitem
762 1678 802 1739 rie
813 1696 892 1759 rupe
903 1684 1021 1754 vacato,

374 1762 445 1821 Sive
455 1767 546 1841 petes
558 1759 672 1822 calamo
685 1764 832 1842 praemia,
844 1764 908 1823 sire
920 1766 1016 1822 cane?
1060 1782 1063 1787 ·

332 1845 374 1904 At
387 1862 468 1905 nune
480 1842 614 1906 desertis
626 1852 749 1906 cessant
759 1847 893 1907 sacraria
902 1844 997 1905 lueis:
1025 1900 1028 1905 .

353 1958 361 1969 ν
373 1928 489 1988 Aurum
501 1947 607 1989 omnes
617 1930 698 1989 vieta
706 1932 767 1990 iam
776 1932 894 2009 pietate
905 1928 1020 1989 colunt.

332 2014 416 2074 Auro
428 2011 518 2093 pulsa
528 2012 617 2092 fides,
630 2032 705 2073 euro
716 2012 836 2074 venalia
846 2015 925 2090 iura,
1280 2073 1281 2078 ,

188 2130 191 2135 ·
277 2106 312 2159 50
372 2097 490 2156 hurum
503 2094 556 2157 lex
567 2099 719 2177 sequitur,
730 2116 799 2157 mox
810 2098 878 2156 sine
888 2094 1079 2177 lege‘pudor.
1280 2085 1282 2140 1

330 2180 467 2242 Torrida
477 2181 659 2260 aerilegum
669 2188 824 2242 testantur
834 2179 942 2240 limina
952 2182 1117 2259 Brennum,

369 2266 448 2324 Dum
462 2266 544 2344 petit
552 2265 667 2324 intonsi
678 2265 792 2346 Pythia
801 2282 897 2344 regna
908 2264 976 2324 dei:

329 2349 372 2407 ht
383 2366 470 2407 mons
480 2345 637 2426 laurigero
649 2368 816 2408 concussus
826 2349 944 2409 vertice
956 2347 1040 2409 diras

372 2427 490 2492 Gallica
499 2430 653 2491 Parnasus
666 2434 779 2512 sparsit
788 2431 826 2491 in
837 2448 920 2491 arma
931 2431 1028 2493 nives.

276 2520 310 2574 55
332 2515 380 2574 Te
391 2514 492 2576 scelus
504 2521 631 2596 accepto
645 2515 777 2576 Thracis
786 2513 1012 2595 Polymestoris
1028 2533 1100 2574 auro

367 2599 473 2659 NutrIt
483 2600 516 2659 in
527 2601 662 2681 hospitio
673 2619 746 2678 nan,
757 2597 925 2677 Polydoro,
936 2601 998 2678 pie,

328 2682 378 2742 Tu
390 2702 523 2762 qnoque,
543 2690 576 2743 ut
587 2689 711 2743 auratos
722 2701 861 2761 gereres,
878 2679 1040 2762 Eriphyla,
1054 2675 1198 2757 lacertos,

367 2765 501 2845 Dilapsis
513 2785 661 2844 nusquam
676 2774 725 2826 est
737 2767 940 2847 Amphiaraus
953 2765 1052 2844 equis.

325 2844 509 2926 Proloquar‚
522 2853 614 2926 atque
625 2851 743 2908 utinam
752 2853 872 2930 patriae
887 2851 944 2910 sim
950 2867 1042 2910 verus
1056 2847 1198 2927 aruspex!

272 2939 308 2994 60
369 2928 536 3008 Frangitur
547 2932 613 3010 ipsa
625 2934 688 2992 suis
699 2933 796 2993 Roma
807 2935 940 3014 superba
950 2933 1049 2994 bonis.

327 3013 421 3072 certa
431 3012 553 3093 loquor,
566 3015 622 3075 sed
633 3015 824 3078 nullaiides:
839 3017 1031 3097 nequeenim
1041 3013 1198 3094 liiaquen-

807 3100 877 3161 (lam

364 3179 468 3242 Versu
478 3181 657 3261 Pergameis
669 3183 797 3244 Maenas
809 3183 953 3245 habenda
963 3181 1062 3244 malis.

324 3261 398 3324 Sola
411 3264 515 3326 Parim
526 3266 681 3348 Phrygiae
692 3268 790 3328 iatum
801 3285 999 3349 componere,
1010 3266 1077 3327 sola

364 3347 520 3410 Fallaeem
529 3353 649 3430 patriae
662 3369 792 3431 serpere
804 3349 882 3412 dixit
893 3370 1015 3431 equum.

268 3435 303 3491 65
324 3429 380 3491 llle
391 3432 480 3493 furor
490 3436 610 3514 patriae
620 3435 681 3494 fuit
692 3435 787 3514 utilis,
799 3433 855 3498 ille
866 3437 1006 3517 parenti:

334 3585 336 3590 ,
361 3516 498 3596 Experta
510 3523 559 3576 est
569 3537 659 3578 veros
670 3520 761 3579 irrita
770 3519 875 3599 lingua
887 3517 973 3581 deus.

605 3661 817 3673 -———
