2717 4325
241 456 270 531 '4
556 463 918 552 rnoruuurr

373 635 425 694 Sic
437 635 521 694 aitin
532 632 619 694 molli
627 633 688 694 lixa
697 639 767 694 toro
780 634 931 696 cubitum:

274 727 309 781 35
331 717 485 780 ‘Tandem
496 723 529 777 te
540 723 649 777 nostro
659 718 803 778 referens
814 719 928 778 iniuria
937 716 1020 780 lecto

371 801 511 862 Alterius
521 799 635 865 clausis
645 800 766 882 expulit
776 822 795 863 e
804 802 948 862 foribus?

330 887 358 946 N
359 903 468 965 amque
478 887 532 962 uiri
540 884 635 963 longa
643 903 732 945 meae
742 888 930 966 consumpsti
941 894 1083 968 tempora
1091 890 1205 971 noctis,

370 969 548 1048 Languidus
559 970 686 1047 exactis,
698 971 751 1030 hei
762 971 848 1048 milri,
860 969 1037 1032 sideribus?

330 1054 357 1115 0
368 1055 486 1114 utinam
496 1052 576 1113 tales
586 1053 750 1133 perducas,
761 1055 914 1134 improbe,
925 1061 1045 1134 noctes,

275 1145 311 1198 to
371 1139 426 1198 Me
436 1139 581 1198 miseram
590 1136 698 1217 quales
708 1156 831 1218 semper
841 1139 959 1198 habere
969 1139 1073 1199 iubas!

329 1221 358 1281 N
359 1242 406 1281 am
417 1221 509 1282 modo
519 1241 677 1302 purpureo
688 1220 836 1282 fallebam
847 1223 978 1282 stamine
989 1241 1137 1303 somnum,

369 1306 487 1366 Rursus
498 1314 532 1365 et
543 1306 689 1385 Orpheae
700 1307 835 1366 carmine
846 1306 930 1367 fessa
938 1304 1043 1385 lyrae:

276 1444 279 1451 ,
329 1389 488 1449 interdum
499 1389 614 1451 leviter
626 1408 746 1450 mecum
758 1389 884 1452 deserta
895 1392 1049 1470 querebar

368 1474 508 1535 Externo
519 1472 626 1552 longas
638 1492 733 1554 saepe
744 1475 777 1534 in
788 1492 1014 1552 cmmemores,

274 1564 309 1618 45
330 1559 410 1617 Dum
421 1576 470 1619 me
481 1557 750 1638 iocuudislapsam
762 1577 857 1639 sopor
867 1557 980 1638 inpulit
990 1556 1057 1620 alis.

369 1639 427 1701 llla
438 1643 499 1701 fuit
508 1642 644 1702 lacrimis
654 1643 762 1702 ultima
773 1662 846 1702 cura
856 1645 954 1703 meis?

286 1773 314 1864 ‘l
330 1772 417 1876 lluid
428 1810 503 1868 mihi
513 1816 576 1869 tam
585 1808 696 1870 multas
707 1810 873 1889 laudando,
885 1811 990 1890 Basse,
1000 1808 1120 1891 puellas

332 1964 336 1972 ⁴
368 1889 523 1954 Mutatum
533 1893 657 1954 domina
668 1897 753 1973 cogis
765 1897 851 1956 abire
863 1896 953 1954 mea?

328 1975 410 2052 Quid
421 1995 471 2037 me
482 1997 544 2038 non
554 1979 673 2058 pateris
683 1981 765 2040 ritae
778 1978 991 2058 quodcumque
1003 1985 1152 2058 sequetur

368 2060 438 2120 Hoc
448 2064 544 2141 magis
556 2069 679 2122 assueto
691 2062 807 2124 ducere
818 2063 968 2123 servitio?

287 2153 304 2205 5
327 2143 377 2205 Tu
387 2143 465 2207 licet
475 2147 629 2227 Antiopae
639 2147 771 2209 formam
781 2145 951 2227 Nycteidos
964 2152 1043 2208 ettu

369 2230 540 2310 Spartanae
552 2232 672 2292 referas
682 2230 823 2292 laudibus
834 2232 1035 2311 Hermionae,

324 2314 368 2373 lit
378 2332 585 2394 quascumque
595 2314 670 2375 tulit
680 2316 809 2377 formosi
820 2318 970 2396 temporis
981 2323 1080 2376 aetas:

366 2397 501 2476 Cynthia
511 2405 573 2459 no'n
583 2397 656 2460 illas
666 2418 779 2461 nomon
791 2401 907 2460 habere
919 2401 1011 2479 siuet,

323 2479 454 2559 Nedum,
466 2485 492 2542 si
501 2482 622 2551 levibus
631 2485 730 2545 fuerit
741 2483 853 2546 collata
861 2484 980 2562 figuris,
1008 2482 1011 2489 ’

270 2573 306 2625 10
365 2564 500 2626 Inferior
512 2567 589 2628 duro
601 2567 705 2627 iudicc
718 2569 819 2648 turpis
831 2574 890 2629 eat.

324 2649 410 2709 Haec
422 2649 479 2709 sed
489 2650 589 2711 forma
599 2653 661 2711 mci
672 2671 744 2731 pars
757 2657 806 2712 est
816 2657 955 2711 extrema
964 2651 1095 2711 furoris:

363 2733 443 2792 Sunt
452 2736 577 2812 maiora,
590 2736 711 2814 quibus,
722 2736 826 2813 Basse,
838 2737 945 2815 perire
955 2736 1047 2814 iuvat,

324 2815 476 2892 Ingenuus
487 2816 573 2878 calor
585 2825 618 2877 et
629 2820 733 2881 multis
746 2817 840 2880 decus
852 2821 969 2879 artibus
983 2826 1016 2879 et
1027 2836 1105 2899 quae

365 2898 485 2958 Gaudia
495 2903 551 2961 sub
563 2903 657 2962 tacita
668 2902 785 2964 ducere
795 2910 883 2963 reste
893 2903 988 2964 libet:

270 2991 302 3042 15
326 2982 393 3057 Quo
404 2984 499 3061 magis
511 2991 545 3045 et
554 2992 679 3047 nostros
691 2986 854 3048 contendis
859 2986 989 3047 solvere
1001 3006 1132 3065 amores,

360 3066 431 3126 Hoc
442 3071 538 3147 magis
550 3077 677 3151 accepta
687 3070 772 3132 fallit
782 3078 915 3151 uterque
925 3071 998 3131 fide.

321 3149 390 3209 Non
401 3153 516 3231 inpune
527 3153 628 3215 feres:
650 3158 730 3216 sciet
739 3157 817 3217 haec
827 3158 934 3216 insana
944 3152 1048 3236 puella

360 3234 403 3297 Et
413 3237 471 3296 tihi
482 3256 544 3298 non
555 3240 659 3300 tacitis
669 3242 795 3300 vocibus
808 3240 908 3301 hostis
920 3240 996 3299 erit:

320 3318 386 3379 Nec
397 3321 455 3380 tibi
466 3340 515 3383 me
527 3325 688 3402 posthaec
700 3326 872 3385 committet
883 3324 1018 3403 Cynthia
1028 3340 1086 3383 nec
1097 3329 1131 3384 te

267 3411 304 3464 20
363 3404 517 3481 Quaeret:
539 3407 602 3465 erit
611 3410 689 3467 tanti
701 3409 838 3469 criminis
847 3405 903 3468 illa
913 3426 1031 3467 memor

320 3488 363 3547 nt
373 3494 406 3548 te
418 3491 534 3550 circum
546 3508 651 3551 omues
663 3490 740 3551 alias
750 3494 830 3553 irata
840 3490 959 3572 puellas

362 3572 512 3632 Differatz
534 3573 597 3632 heu
607 3573 693 3635 nullo
706 3574 814 3636 limine
826 3596 914 3637 carus
927 3577 1000 3637 eris.

319 3653 426 3715 Nullas
437 3656 492 3716 illa
503 3659 566 3717 suis
579 3666 757 3719 contemnet
766 3662 891 3721 fletibus
903 3680 983 3739 aras,

359 3739 402 3798 Et
412 3742 596 3823 quicumque
607 3747 705 3821 sacer,
718 3742 826 3824 qualis,
837 3744 964 3824 ubique,
975 3743 1064 3825 lapis.
1103 3786 1105 3790 ,
