2717 4325
244 401 286 466 10
528 398 902 461 enormen

329 568 356 629 0
368 573 493 629 noctem
503 567 681 627 meminisse
692 566 768 626 mihi
778 564 911 627 iocunde
920 565 1072 648 voluptas,

369 652 396 712 0
408 652 553 730 quotiens
563 651 644 710 votis
653 647 712 708 illu
720 647 857 710 vocuudu
867 651 955 728 meis,

289 745 307 797 ὁ
328 737 449 797 comte
460 731 620 814 complexu
630 735 826 811 morientem,
839 731 943 812 Galle,
953 734 1060 815 puello

367 816 508 882 Vidimus
520 824 554 877 et
563 814 657 895 longo
669 816 784 877 ducere
796 819 891 877 verbu
902 820 1003 878 moro!

328 903 471 979 Quamvis
480 899 625 961 lubentes
635 906 796 980 premeret
806 902 882 962 mihi
892 919 1016 963 somnu
1028 901 1148 966 ocellos

365 987 408 1047 lit
418 984 529 1045 mediis
540 982 627 1045 coelo
640 985 727 1045 Luus
736 985 867 1045 ruberet
877 987 976 1065 equis,

326 1069 395 1130 Nou
405 1078 509 1130 tumen
521 1075 653 1130 svestro
664 1070 752 1150 potui
760 1066 913 1130 secedere
923 1066 1009 1130 lusu:

274 1163 308 1216 10
369 1155 488 1214 Tantus
499 1155 533 1213 iu
543 1152 673 1214 alteruis
684 1153 809 1212 vocibus
821 1151 914 1212 ardor
927 1159 1004 1215 erut.

326 1237 391 1298 Sed
405 1240 548 1317 quonium
559 1257 622 1298 nou
633 1256 667 1298 es
678 1237 795 1296 veritus
807 1234 999 1296 concredere
1011 1237 1111 1315 nobis,

367 1323 484 1402 ricolpc
496 1323 675 1382 commissae
687 1337 814 1380 munero
823 1318 979 1380 laetitiae:

326 1407 396 1467 Non
407 1405 508 1466 solum
517 1412 638 1465 vestros
650 1402 746 1463 didici
756 1404 893 1463 reticere
905 1401 1041 1483 dolores,

366 1492 425 1551 Est
436 1488 581 1568 quiddam
594 1490 627 1547 in
637 1488 727 1548 uobis
739 1487 845 1564 maius,
857 1488 964 1564 amice,
975 1486 1047 1551 fide.

273 1584 306 1635 15
325 1575 455 1634 Possum
466 1590 524 1649 ego
536 1571 674 1631 diversos
685 1572 799 1631 itemm
810 1573 999 1649 coniungere
1012 1579 1160 1652 amantes,

365 1658 407 1719 Et
418 1654 559 1715 dominae
570 1654 673 1714 turdus
684 1673 808 1732 posum
819 1656 942 1733 aperire
953 1655 1049 1732 fore,

324 1740 366 1801 Et
378 1757 503 1818 possum
514 1735 643 1797 ulterius
654 1756 743 1797 curus
755 1755 864 1798 sonore
876 1740 1023 1815 recentis,

364 1822 430 1882 Nec
440 1819 520 1882 levis
529 1823 561 1880 iu
575 1823 678 1881 verbis
689 1826 739 1880 est
749 1819 902 1882 medicine
912 1823 997 1884 meis.

327 1907 460 1986 Cynthio
471 1923 520 1964 me
532 1905 638 1965 docuit
647 1923 772 1984 semper
784 1923 992 1984 quaecumque
1003 1903 1140 1985 petendo

270 2000 308 2052 20
366 1990 514 2068 Quaeque
525 1987 660 2049 cavendo
669 1989 792 2048 forent:
813 1979 876 2049 riou
886 1986 967 2048 nihil
978 1991 1043 2068 egit
1055 1991 1160 2052 Amor.

326 2074 376 2134 Tu
387 2091 469 2150 esve,
483 2091 523 2131 ue
535 2073 620 2132 tristi
630 2074 734 2152 cupias
745 2091 882 2150 pugnare
892 2070 1018 2152 puellae

364 2157 449 2217 Neve
460 2158 594 2236 ruperim
603 2154 691 2235 loqui
701 2175 780 2216 nere
791 2163 896 2217 tacere
908 2155 971 2236 diu,

324 2242 392 2304 Neu
403 2243 430 2301 si
441 2240 517 2320 quid
526 2241 629 2320 petiit,
639 2242 760 2318 ingrata
770 2241 874 2301 fronte
885 2243 1019 2320 negaris,

364 2326 431 2384 Neu
443 2325 500 2384 tibi
512 2342 571 2402 pro
580 2342 658 2383 ruuo
669 2326 764 2385 verbs
774 2324 908 2399 benigno
921 2324 1039 2385 cudunt.

178 2443 181 2451 ·
268 2422 304 2476 25
325 2413 554 2490 irritetuvenit,
568 2410 906 2491 qumdocoutemuitur
927 2407 992 2489 illa,

363 2496 429 2558 Nec
440 2498 579 2560 meminit
588 2497 686 2556 iustus
696 2514 814 2575 ponere
826 2495 912 2557 laesa
923 2498 1036 2557 minas:

322 2583 366 2641 At
377 2600 437 2660 quo
450 2583 492 2641 sis
503 2578 629 2639 humilis
639 2580 735 2657 mugio
746 2586 778 2639 et
789 2582 945 2640 subiectus
957 2579 1063 2657 umori,

362 2666 432 2724 Hoc
443 2665 539 2741 magis
549 2664 663 2723 effecto
674 2681 767 2742 saepe
778 2664 884 2723 fruare
895 2665 985 2724 houo.

322 2747 352 2808 Is
360 2749 480 2827 poterit
488 2744 567 2806 felir
576 2765 638 2805 unu
646 2758 810 2806 remunero
821 2745 936 2826 puella,

269 2839 305 2893 30
365 2831 427 2907 Qui
436 2848 598 2908 numquam
609 2847 703 2888 vocuo
714 2835 843 2908 pectore
855 2828 938 2890 liber
950 2832 1019 2891 erit.

252 2962 309 3056 11
323 2964 448 3075 Ecquid
457 3003 490 3057 ie
501 2994 610 3055 mediis
622 3002 805 3074 cessantem,
818 2997 961 3076 Cynthia,
972 2998 1064 3075 Baiis,

364 3082 430 3157 Quo
439 3083 521 3141 iacet
530 3076 697 3158 Herculeis
708 3082 818 3141 semita
827 3080 982 3161 litoribus,

321 3165 364 3226 lit
373 3163 464 3224 modo
477 3165 647 3244 Thesproti
659 3167 823 3225 mirantem
835 3164 958 3225 subdito
968 3183 1065 3243 regno

361 3246 504 3308 Proximo
514 3249 646 3310 Misenis
658 3268 794 3330 aequore
806 3247 962 3310 nobilibus

284 3337 301 3389 5
322 3328 427 3391 Nostri
438 3352 512 3392 curu
521 3336 606 3393 subit
616 3352 768 3394 memores
781 3335 820 3393 ch
832 3332 946 3393 ducere
956 3332 1089 3392 noctes?

360 3415 477 3493 Ecquis
487 3418 520 3475 iu
531 3422 670 3477 extremo
681 3424 781 3478 restet
791 3436 895 3479 umore
906 3415 1016 3477 locus?

320 3498 370 3557 Au
381 3504 413 3558 te
424 3500 530 3558 nescio
542 3501 610 3577 quis
621 3498 773 3559 simuletis
783 3502 904 3577 ignibus
916 3502 1014 3561 hostis

360 3580 658 3662 Sustuliteuostris,
674 3584 817 3663 Cymthiu,
829 3584 1036 3645 carminibus?
1108 3622 1111 3629 ·
1139 3626 1144 3631 ‚
1271 3558 1272 3599 ³

320 3664 424 3742 Atque
433 3668 551 3726 utinum
560 3684 648 3745 mage
658 3673 691 3726 te
704 3668 797 3727 remis
809 3668 924 3727 confiso
934 3669 1060 3729 minutis
