2717 4325
235 414 278 479 5⁰
533 413 898 476 Puoruurll

360 582 529 646 Vobiscum
538 582 665 663 Europe
677 601 736 643 ueo
748 584 847 661 probu
856 582 1021 663 Peuipbre,

318 668 360 728 Et
372 672 448 745 quot
458 667 555 727 'l'roiu
565 665 638 727 tulit
647 672 736 726 vetuo
747 673 780 725 et
791 667 996 744 quotAobeiu
1005 669 1126 729 formu

359 750 402 811 Et
414 750 535 810 Phoebi
547 756 580 810 et
589 750 706 810 Priami
720 748 823 809 diruto
832 769 929 829 reguo
939 753 1039 812 uenio:

318 833 1123 917 litquueoumqueerutiuuumoroRomruupuellu,
1165 847 1209 901 55
1272 835 1273 880 ¹

266 928 300 981 lo
362 916 501 978 Occidit:
523 918 900 999 huoomuiuiguiuuvuruu
910 921 1014 981 babet
1272 937 1273 944 ¹

318 1002 384 1063 Nee
401 1002 502 1063 formu
518 1008 679 1063 oeternum
700 1009 753 1063 eut
771 1004 912 1083 cuiquem
931 1011 981 1064 eet
998 1004 1126 1066 fortuna
1139 1024 1205 1087 pe-

799 1106 922 1149 reumu:

359 1171 495 1253 Longius
507 1179 559 1234 out
568 1174 698 1253 propius
711 1190 794 1231 moru
805 1190 860 1232 oue
870 1178 1024 1251 quemque
1034 1180 1152 1235 mouet.

319 1255 369 1316 Tu
381 1259 525 1335 quonium
536 1275 581 1335 eu,
592 1276 662 1317 meu
671 1254 735 1335 lux,
746 1275 855 1335 muguo
867 1254 992 1317 dimiono
1001 1255 1134 1337 periclo,

358 1341 493 1402 Munere
501 1341 619 1402 Dianae
632 1341 738 1402 debito
747 1339 847 1401 redde
858 1342 981 1421 choros,
1158 1350 1199 1404 60
1272 1343 1273 1378 ³

231 1428 234 1433 '
265 1434 298 1487 15
318 1423 429 1485 Redde
441 1428 533 1487 etium
545 1427 689 1486 excubia
700 1423 788 1485 dirue
798 1444 891 1503 nuuc,
903 1432 975 1486 oute
985 1426 1146 1505 iuveuoue,

357 1508 485 1571 Voiivuu
495 1508 961 1571 noeteretmibirolredeeem.
1272 1517 1273 1522 ’

243 1641 298 1735 27
314 1644 476 1754 Extremo,
487 1675 628 1754 meula,
640 1683 810 1756 cumpotuu
821 1684 914 1739 noete
924 1697 1061 1758 urgerer,
1130 1642 1190 1740 29

358 1759 424 1821 Nee
435 1777 484 1819 me
497 1778 655 1820 nervorum
668 1758 798 1821 duceret
808 1762 871 1824 ullu
884 1782 1001 1840 manue,

318 1844 425 1922 Obvia,
436 1845 542 1905 nescio
556 1850 632 1924 quot
640 1846 742 1926 pueri,
754 1846 829 1906 mihi
842 1848 932 1907 turbo
942 1849 1058 1907 minuto

357 1927 498 1991 Veuerot
509 1922 589 2015 (hou
599 1930 699 1990 vetuit
708 1948 758 1988 me
769 1949 934 1991 numerare
943 1924 1070 2017 timor),

279 2020 296 2073 5
317 2014 454 2091 Quorum
466 2013 518 2075 ulii
529 2012 655 2091 iuouluu,
666 2012 718 2073 ulii
729 2015 869 2074 retinere
880 2016 1016 2094 sagittus,

355 2098 433 2160 Puro
445 2100 538 2159 etium
548 2100 613 2159 viuu
624 2104 673 2157 ort
682 2096 783 2159 vinclo
792 2118 904 2179 parere
915 2100 1000 2161 mihi
1019 2172 1022 2177 f

317 2183 381 2244 Sed
390 2183 466 2244 nudi
476 2185 610 2244 fuerent.
631 2202 761 2262 quorum
771 2183 915 2245 louoirior
924 2204 1014 2263 unuu,

357 2268 510 2347 ‘Arripiie
521 2267 626 2345 huuo‚'
637 2268 750 2347 inquit,
762 2272 844 2328 ‘uum
853 2269 935 2328 bene
948 2270 1047 2329 uoutio
1058 2285 1142 2328 eum:

314 2351 375 2411 llic
388 2355 466 2428 erut,
478 2350 561 2410 hune
573 2348 686 2411 mulier
696 2352 785 2412 nobie
796 2353 875 2411 irutu
883 2349 1020 2416 locavit!

262 2442 296 2495 10
355 2434 450 2514 Dixit,
462 2440 496 2496 et
507 2437 540 2495 in
552 2432 633 2497 collo
643 2437 704 2496 ium
715 2437 790 2496 mihi
800 2436 900 2497 nodus
914 2443 991 2497 erut.

315 2519 376 2579 Hie
388 2517 470 2580 alter
479 2521 568 2580 iubet
577 2521 611 2580 iu
622 2519 757 2580 medium
770 2519 963 2602 propellere,
975 2527 1008 2580 et
1017 2520 1108 2599 ulter,

356 2605 516 2683 intereat,
529 2605 581 2684 qui
592 2624 649 2665 nou
659 2625 723 2665 nou
733 2611 822 2686 putot
832 2623 902 2666 eure
913 2604 1004 2667 deos!

313 2687 400 2748 llaec
409 2695 443 2748 te
454 2707 518 2747 uon
530 2690 674 2749 meritum
683 2695 766 2750 totu
776 2695 920 2770 expectet
929 2692 963 2748 in
973 2690 1082 2749 horus:

354 2772 398 2834 At
407 2778 442 2830 tu
451 2773 557 2830 nescio
570 2791 644 2848 quus
657 2774 790 2851 quoeris,
801 2775 919 2855 inepte,
930 2773 1025 2834 forer.

263 2865 294 2918 15
316 2856 401 2932 Quae
413 2874 482 2915 oum
494 2853 804 2914 Sidoniue'nooturnu
814 2856 959 2936 ligamine
968 2858 1078 2916 mitrae

354 2937 490 2999 Solverit
501 2944 593 3018 utque
606 2938 711 3000 oculos
721 2942 853 3000 moverit
863 2940 921 3001 illu
934 2959 1051 3020 graves,
1128 2950 1139 2974 ‘

182 3052 184 3056 ·
312 3022 481 3083 Adflubunt
490 3024 548 3084 tibi
558 3042 621 3084 nou
632 3025 769 3085 Arabum
781 3023 820 3084 de
832 3027 970 3104 grumiue
982 3023 1105 3101 odores,

352 3107 415 3167 Sed
426 3127 503 3188 quos
516 3109 584 3188 ipse
596 3110 659 3170 uuio
670 3109 748 3170 feeit
757 3110 854 3170 Amor
863 3111 1013 3171 munibus.

310 3192 435 3252 Parcite
445 3194 516 3270 ium,
526 3193 652 3272 fratres,
663 3195 724 3254 ium
736 3200 839 3254 certos
850 3193 985 3275 spondet
996 3209 1125 3268 umores,

259 3286 294 3338 20
354 3275 397 3335 Et
406 3278 466 3335 ium
479 3277 517 3337 ed
528 3277 701 3338 mundatum
711 3280 850 3339 venimus
861 3297 936 3339 ecee
948 3277 1092 3337 domum.2

312 3361 415 3439 Atque
426 3361 470 3419 itu
482 3363 523 3421 mi
534 3363 650 3420 iniecto
662 3361 807 3423 dixerunt
816 3383 924 3424 rursus
934 3364 1047 3424 amictu

352 3445 378 3506 ‘1
387 3447 468 3504 nuuc
481 3449 514 3503 et
523 3451 632 3505 noctes
644 3445 729 3507 dieue
740 3466 865 3508 mouere
877 3447 983 3508 domi?

311 3529 405 3590 Mune
417 3535 495 3608 erut,
508 3535 541 3590 et
550 3526 644 3608 volui,
657 3532 684 3589 ui
695 3529 761 3591 solu
775 3533 953 3611 quiesceret
964 3530 1029 3607 illo,

350 3610 479 3691 Visere:
502 3620 534 3674 et
544 3615 577 3674 in
587 3612 671 3673 lecto
684 3616 817 3694 cynthia
830 3615 894 3677 sola
904 3616 974 3676 fuit.

256 3707 291 3759 25
314 3698 481 3776 Obstupui:
500 3719 564 3758 non
575 3697 628 3759 illo
639 3699 715 3758 mihi
725 3700 891 3759 formosior
902 3717 1045 3779 umquem
