2717 4325
223 447 261 508 [v
503 441 889 531 ruanunuro.

222 616 341 676 duobus
370 613 442 675 addi
468 612 565 691 solet,
594 611 781 672 Bernardini
807 609 918 674 Veliae
939 611 1021 672 liber
1044 612 1180 674 aFrun-

222 701 304 758 cisco
331 699 445 758 Paccio
471 696 655 758 Florentino
678 701 859 775 excerptus,
886 695 970 756 hand
990 695 1087 757 multo
1110 717 1178 757 cer-

220 783 310 842 tioris
326 781 402 840 fidei
423 788 488 859 est,
511 800 600 860 quam
614 780 750 839 Antonii*
762 779 900 858 Perreii,
922 779 1036 857 Angeli
1051 779 1177 860 Colotii,

222 864 352 926 aliorum
380 871 543 945 excerpta;
572 882 631 922 uec
660 861 826 942 quidquam
856 864 929 923 boni
959 863 1008 924 his
1036 866 1176 924 omnibus

221 956 374 1010 servatum
402 967 471 1008 esse
497 954 590 1028 puto,
620 946 704 1026 quod
729 966 791 1006 non
811 945 957 1007 Italorum
975 948 1100 1026 ingenio
1123 947 1177 1008 de-

220 1035 339 1094 beatur.
365 1051 460 1110 quare
478 1051 520 1092 ne
539 1032 647 1091 Pnocii
669 1030 794 1110 quidem
812 1032 994 1091 auctoritate
1012 1030 1176 1112 quidquam

220 1118 476 1259 reciperedausqts
497 1136 579 1193 sum,
600 1115 660 1212 nisi
675 1116 702 1174 si
718 1113 942 1175 emendationis
957 1113 1175 1196 probabilitate

221 1218 359 1261 commen
382 1219 435 1259 are
450 1220 497 1262 ur.

304 1285 501 1345 coniecturis
529 1291 631 1343 autem
652 1285 716 1342 sive
739 1281 869 1341 aliorum
891 1283 955 1342 sive
977 1283 1053 1341 meis
1073 1280 1175 1342 locum

219 1385 289 1429 esse
309 1366 407 1446 uolui,
429 1369 489 1428 nisi
511 1369 568 1440 eis,
592 1367 758 1447 quaesatio
774 1368 806 1434 iu
822 1385 855 1425 so
869 1367 945 1445 ipsis
959 1365 1108 1445 praesidii
1122 1361 1175 1426 h'o-

218 1455 295 1513 bere
309 1450 500 1512 viderentur.
522 1453 607 1511 cuins
623 1451 747 1529 generis
762 1450 839 1509 haec
853 1448 1003 1529 adscripsi
1018 1448 1174 1530 exempla:

217 1536 247 1612 1,
272 1535 327 1613 11,
349 1534 388 1596 21
413 1531 497 1595 Nam
517 1536 595 1596 milas·
605 1535 724 1614 scripsi
739 1553 796 1613 pro
818 1535 871 1594 Am
889 1533 986 1604 nsibs'3
1011 1533 1053 1609 11,
1075 1533 1112 1611 3,
1133 1532 1174 1594 33

209 1622 339 1700 flagrat
345 1637 402 1698 pro
407 1621 527 1699 flagret
534 1643 548 1686 ‚·
562 1619 612 1694 ΠΙ,
623 1617 676 1695 32,
687 1616 727 1677 31
740 1617 841 1678 Latiis
850 1617 1005 1696 Meropem
1015 1617 1187 1697 Masispro,

217 1705 319 1762 satias
341 1709 507 1762 memorem
528 1701 627 1762 Masso
643 1722 711 1760 cum
730 1700 806 1760 alios
822 1707 887 1760 tum
906 1700 1174 1760 Schneidewinum

217 1784 358 1846 Philol.1
379 1805 409 1865 p.
419 1781 481 1846 170
496 1796 636 1860 secutus3
658 1786 711 1863 lv,
727 1785 757 1862 6,
773 1784 814 1845 22
831 1785 1103 1845 Athamantiadae
1117 1804 1173 1864 pro

217 1871 367 1931 minantis
382 1889 493 1949 aquae,
511 1869 548 1929 cf.
558 1868 759 1929 ‘Schneidem
770 1868 844 1928 ibid.
857 1887 886 1947 p.
894 1864 974 1941 376;
997 1865 1052 1942 14,
1070 1867 1111 1928 32
1127 1888 1172 1946 sq.

217 1952 325 2012 Maus
344 1961 376 2013 et
399 1953 527 2014 adverae
549 1987 591 1996 —
612 1952 720 2013 Litore
740 1953 798 2012 aab
819 1953 915 2012 tacito
936 1970 994 2030 pro
1016 1950 1123 2013 fflaras
1141 1955 1174 2012 to

218 2037 364 2096 adversos
383 2071 425 2079 —
448 2035 553 2097 Litore
566 2039 610 2096 sic
624 2039 744 2107 tacito,·
765 2034 821 2110 18,
844 2034 885 2095 22
905 2033 1016 2095 tondes
1029 2055 1085 2107 nro
1102 2043 1169 2094 ton·

217 2121 315 2190 deam
324 2118 426 2190 2215
437 2118 483 2182 Et
493 2124 536 2183 sis
551 2141 613 2193 aaa
626 2122 759 2193 Ortacia
773 2126 807 2182 et
816 2115 945 2181 visenda
959 2125 1005 2179 eet
1020 2136 1075 2178 ora
1094 2117 1172 2199 Cay-

216 2205 277 2263 stri
299 2224 357 2282 pro
386 2212 418 2264 et
447 2205 477 2263 εἰ
495 2223 558 2282 qao
582 2204 732 2282 Ortygiae
754 2201 882 2262 visenda
904 2208 952 2263 est
974 2222 1028 2263 ora
1051 2202 1176 2283 Caystri

220 2301 239 2342 e
254 2286 432 2348 coniectura
445 2288 574 2368 Hauptii
588 2289 668 2349 Mus.
684 2288 782 2345 Rhen.
797 2301 839 2351 m·
862 2282 959 2360 1845;
986 2285 1027 2363 V,
1049 2284 1086 2363 1,
1111 2282 1171 2345 125
1222 2354 1225 2367 Ι

108 2406 117 2419 .
216 2368 303 2428 Λεία·
322 2387 379 2447 pro
402 2370 466 2427 asic
494 2373 621 2425 auctore
649 2368 863 2442 Lachmann03
899 2369 933 2444 5,
964 2366 1003 2429 19
1027 2377 1171 2451 pererrat

214 2470 272 2531 pro
290 2461 426 2531 perurat
448 2472 466 2512 e
491 2455 670 2514 coniectura
689 2452 726 2515 F.
744 2453 851 2513 Jacobi
871 2449 986 2515 Philol.
1009 2452 1036 2512 11
1053 2473 1083 2533 p.
1099 2451 1170 2526 459,

214 2536 268 2613 qui
286 2541 453 2614 praeterea
470 2538 503 2596 in
517 2539 662 2617 sequenti
675 2557 767 2597 versu
774 2537 854 2613 serit
868 2570 910 2579 -
921 2544 1018 2618 gatto
1033 2536 1172 2596 scriben-

214 2617 286 2677 dum
307 2637 377 2680 esse
394 2622 537 2684 coniecit.
561 2628 668 2682 contra
684 2620 827 2701 plurima,
850 2638 928 2701 quae
943 2625 1089 2701 corrupta
1102 2638 1171 2680 esse

212 2702 288 2761 mibi
309 2720 490 2782 persuasum
511 2712 595 2783 erat,
617 2708 682 2765 sive
703 2705 808 2785 plures
831 2704 1016 2764 emendandi
1034 2705 1171 2765 rationes

211 2787 339 2865 probari
365 2807 458 2868 posse
485 2788 685 2865 videbantur,
714 2790 778 2848 sive
805 2786 891 2847 nulla
917 2789 991 2848 satis
1017 2787 1168 2868 placebat,

212 2871 277 2929 sive
304 2870 372 2950 ipso
391 2871 531 2932 codicum
552 2874 705 2951 scripture
728 2872 829 2952 aliquo
850 2872 942 2933 modo
966 2871 1094 2952 defendi
1114 2891 1168 2952 po·

211 2958 310 3031 terat,
337 2956 381 3015 itu
408 2956 497 3015 utin
519 2957 642 3036 optimis
666 2954 824 3016 codicibus
846 2958 962 3036 scripta
982 2962 1055 3017 sunt
1075 2954 1171 3016 relin-

213 3054 326 3118 quere,
349 3059 439 3119 quum
460 3042 668 3100 coniecturam
690 3042 880 3101 substituere
900 3039 1004 3102 malui.
