2717 4325
480 348 918 471 umnamcm'
1121 395 1159 458 u

328 560 455 623 Moenia
466 566 499 619 et
510 557 649 619 addictor
659 560 693 619 in
703 578 758 619 ιιι
768 547 865 639 regna
873 562 1002 641 putreat

286 644 384 706 Noxia
395 641 592 721 Alexandria,
605 626 687 705 lolia
699 644 858 723 aptissima
869 640 975 722 tellua,

327 728 370 789 Et
380 730 496 789 totiena
506 733 613 787 nostro
625 727 766 807 Memphi
777 734 906 788 cruenta
916 727 1006 807 malo,

233 820 267 876 55
290 811 372 873 Trea
382 813 435 871 uhi
445 811 593 892 Pompeio
606 809 742 871 detraxit
751 813 869 872 harena
878 814 1067 892 triumphoai

327 894 436 956 'l'ollet
448 894 533 955 nulla
544 895 611 955 dies
624 895 705 955 hanc
714 896 783 973 tihi,
794 896 901 975 Roma,
911 903 1025 957 notam.

284 980 385 1041 Iacent
394 977 569 1057 Phlegraeo
580 976 692 1039 meliu
703 979 761 1038 tibi
772 980 883 1040 funera
894 999 1012 1061 campo,

325 1062 607 1125 Veltuaaiaocero
622 1059 930 1126 colludaturuaeraa.
958 1132 963 1141 Ι

286 1146 413 1207 Scilicet
425 1148 538 1207 incesti
548 1146 699 1206 meretrix
707 1148 817 1224 regina
828 1147 947 1227 canopi

231 1242 267 1293 40
329 1224 419 1315 [Una
428 1228 596 1310 Philippeo
608 1230 756 1308 sanguine
769 1228 878 1290 adnata
887 1216 983 1317 notia]

285 1315 369 1373 Ausa
378 1314 442 1372 lovi
452 1320 560 1373 nostro
570 1310 738 1373 latrantem
749 1330 909 1394 opponere
922 1315 1065 1393 Anubim,

325 1397 367 1455 Et
379 1396 520 1457 Tiberim
531 1395 596 1459 Nili
609 1415 723 1476 cogere
733 1399 820 1457 ferre
832 1398 940 1475 minas,

284 1479 512 1559 Romanamque
523 1482 628 1541 tubam
639 1483 806 1562 crepitanti
816 1478 940 1562 pellere
952 1483 1056 1560 aiatro,

323 1562 453 1623 Baridor
467 1570 500 1624 et
512 1567 612 1625 contis
622 1572 727 1626 rostra
737 1566 875 1626 Liburna
885 1567 985 1645 aequi,

230 1652 263 1707 45
284 1646 452 1726 Foedaque
464 1648 599 1729 Tarpeio
612 1651 743 1730 conopia
753 1647 886 1709 tendere
898 1668 980 1726 auxo,

322 1731 392 1791 Iura
403 1731 479 1791 dare
491 1738 523 1791 et
535 1738 650 1793 statuas
661 1735 745 1794 inter
758 1739 791 1793 et
801 1753 885 1792 arma
895 1734 987 1793 Mari.

284 1813 366 1891 Quid
375 1833 456 1874 nunc
468 1815 631 1895 Tarquinii
641 1816 758 1877 fractae
768 1818 851 1877 iuvat
861 1835 931 1877 erae
943 1832 1080 1895 aecurea,

323 1896 453 1957 Nomine
466 1917 557 1976 quem
571 1898 664 1958 simili
675 1902 738 1959 vita
747 1902 882 1980 superba
891 1906 989 1977 notat,

283 1980 317 2041 Si
328 1979 440 2040 mulier
450 1980 597 2060 patienda
607 1982 689 2041 fuit?
710 2000 796 2062 cape,
807 1981 913 2060 Roma,
924 1984 1122 2065 triumphum,

228 2072 263 2125 50
322 2065 365 2126 nt
374 2063 498 2143 longum
509 2066 648 2143 Augusto
661 2063 745 2125 aulva
755 2082 887 2145 precare
899 2064 991 2128 aliem.

280 2148 401 2228 Fugiati
413 2154 517 2210 tamen
527 2150 560 2209 in
570 2147 672 2210 thnidi
682 2167 757 2228 vaga
767 2148 893 2210 flumina
902 2145 983 2208 Nili:

325 2234 487 2313 Accepere
498 2239 570 2293 tuae
581 2232 711 2294 Romula
720 2231 822 2292 vincla
832 2251 948 2295 menna.

281 2317 413 2376 Brachia
425 2319 561 2397 spectavi
573 2318 670 2377 aacria
682 2315 823 2376 admorsa
834 2315 980 2394 colubria,
1104 2389 1107 2393 1

322 2399 364 2458 Et
374 2401 501 2486 trahere
516 2398 671 2460 occultum
681 2402 819 2461 membra
830 2401 950 2481 coporis
961 2402 1033 2461 iter.

229 2490 264 2543 55
287 2481 366 2542 ‘Non
379 2483 449 2562 hoc,
462 2484 569 2560 Roma,
581 2485 627 2544 fui
637 2490 724 2544 tanto
735 2485 794 2544 tibi
806 2487 872 2544 cive
883 2483 1042 2561 verenda',

325 2567 420 2645 Dixit,
432 2572 477 2628 ‘et
489 2566 610 2628 asaidno
619 2565 726 2646 lingua
736 2566 859 2649 sepulta
869 2569 979 2628 mero?

283 2648 410 2730 Septem
420 2653 493 2711 urba
506 2649 569 2711 alta
579 2652 668 2731 ingla,
680 2657 746 2718 toto
760 2670 838 2732 quae
848 2650 1009 2732 praesidet
1020 2651 1098 2730 orbi,

321 2733 483 2795 Femineas
498 2737 600 2797 timuit
610 2737 723 2796 territa
734 2735 838 2796 Marte
849 2737 955 2797 minua.

280 2817 462 2879 Hannibalis
473 2817 572 2900 spolia
583 2827 616 2880 et
626 2821 700 2881 victi
710 2822 898 2881 monimenta
909 2819 1059 2902 Syphacis

225 2908 261 2962 60
321 2901 363 2962 ht
372 2902 487 2982 Pyrrhi
499 2902 537 2963 ad
549 2911 673 2965 nostroe
685 2901 786 2982 gloria
795 2905 895 2965 fracta
904 2903 1013 2984 pedes,

165 3043 169 3052 ,
281 2984 406 3046 Curtius
417 2985 551 3066 expleti
563 2990 671 3048 statuit
681 2989 869 3048 monImenta
879 2985 1008 3066 lacunis,

322 3069 364 3126 At
377 3068 490 3127 Deciur
502 3071 595 3128 micro
605 3069 727 3148 proelia
737 3072 823 3148 rupit
834 3088 925 3148 equo,

281 3145 411 3210 Coclitis
423 3151 574 3209 abaciacus
585 3155 719 3210 testatur
730 3153 839 3210 semita
848 3156 972 3230 pontea,

321 3232 379 3293 Eat
391 3233 439 3292 cul
451 3249 620 3310 cognomen
633 3252 742 3292 corvus
752 3233 869 3292 hahere
881 3229 978 3303 dedit.

226 3323 261 3378 65
282 3316 368 3378 Haec
387 3313 419 3374 di
436 3311 656 3394 condiderant,
674 3317 752 3375 haec
770 3314 802 3374 di
820 3332 942 3394 quoque
953 3316 1075 3374 moenia
1085 3333 1153 3375 aer·

347 3427 353 3436 ·
759 3405 847 3458 vant:

320 3483 380 3544 Vix
390 3484 498 3542 timeat
509 3480 592 3542 salto
604 3484 737 3544 Caesare
747 3482 845 3544 Roma
856 3482 968 3544 lovem.

282 3566 370 3628 Nunc
379 3565 432 3626 ubi
444 3565 605 3647 Scipiadae
617 3565 743 3646 classes,
755 3569 808 3627 ubi
819 3567 906 3645 signa
919 3560 1053 3644 Camilli,

322 3649 384 3710 Aut
395 3647 486 3712 modo
496 3651 644 3731 Pompeia
653 3651 793 3732 Bospore
805 3655 894 3730 capta
904 3649 1018 3710 manui
