2717 4325
238 420 280 484 26
534 418 898 480 PROPER‘lll

362 587 428 649 Nec
439 586 525 647 duris
536 589 631 647 ausim
641 584 769 649 laedere
778 583 960 667 pollicibus:

268 682 303 737 25
324 672 469 735 Rusticus
478 673 557 731 hacc
568 670 678 749 aliquis
688 676 750 729 tam
760 672 864 750 turpia
873 672 995 750 proelia
1005 682 1154 755 quaerat,

364 757 459 817 (iuius
468 773 530 815 nou
540 753 677 813 hederae
689 754 841 813 circuiere
852 762 953 834 caput.

324 840 462 900 Scribam
473 840 578 915 igitur,
595 837 677 917 quod
692 856 755 896 non
765 856 908 916 umquam
917 846 970 900 tua
981 838 1087 901 deleat
1097 849 1206 922 aetas,

363 923 510 1000 ‘Cynthia
519 922 619 981 forma
628 927 751 1001 potens,
763 921 897 998 Cynthia
906 922 1111 988 verbalevis.’

323 1006 427 1068 Crede
438 1006 524 1083 mihi,
536 1006 671 1083 quamvis
682 1008 859 1073 contemnas
869 1024 1025 1067 murmura
1033 1007 1151 1087 famae,

269 1100 305 1153 30
365 1091 426 1149 llic
435 1090 493 1149 tibi
503 1086 627 1170 pallori,
639 1088 782 1165 Cynthia,
793 1105 900 1147 versus
914 1092 984 1152 erit.

607 1228 813 1238 W.
1278 1201 1280 1324 4

281 1278 309 1371 ll
323 1274 396 1374 Non
407 1314 451 1372 ita
462 1310 658 1392 complebant
669 1314 834 1393 Ephyreae
845 1310 958 1373 Laidos
970 1309 1073 1390 aedes,

364 1395 413 1456 Ad
425 1400 510 1457 cuius
520 1398 614 1457 iacuit
625 1398 756 1457 Graecia
767 1403 833 1458 tota
842 1396 939 1471 iores,

324 1480 430 1540 Turba
440 1479 651 1541 Menandreae
662 1482 765 1540 fuerat
775 1499 833 1541 nec
845 1478 982 1539 Thaidos
994 1475 1068 1538 olim

365 1564 476 1641 Tanis,
489 1566 522 1624 in
534 1584 593 1643 qua
604 1563 736 1645 populus
747 1563 822 1625 lusit
833 1563 1065 1639 Erichthonius,

286 1656 302 1706 5
323 1646 398 1723 Nec,
411 1666 488 1724 qnae
504 1646 625 1706 deletas
635 1651 737 1727 potuit
748 1665 933 1728 componere
946 1646 1080 1722 Thebas,

364 1730 489 1807 Phryne
500 1737 562 1789 tarn
573 1728 677 1789 multis
688 1732 769 1790 sacta
780 1734 870 1791 beata
880 1731 963 1790 viris.

251 1888 253 1893 Α
324 1812 405 1888 Quin
417 1814 510 1873 etiam
519 1810 616 1873 falsos
625 1814 717 1893 tingis
727 1816 786 1875 tibi
798 1832 891 1895 saepe
899 1814 1102 1894 propinquos,

365 1894 479 1955 Oscula
489 1914 548 1956 nec
560 1896 672 1958 desunt
684 1899 736 1977 qni
748 1899 806 1959 tibi
817 1900 884 1958 inre
895 1897 1008 1957 ferant.

323 1979 378 2041 Me
389 1981 531 2041 iuvenum
541 1982 642 2061 pictae
652 1983 759 2059 facies,
771 2000 820 2041 me
831 1983 954 2041 nomina
962 1978 1102 2059 laedunt,

271 2071 304 2123 10
365 2064 419 2124 Me
430 2070 523 2125 tener
534 2066 567 2125 in
578 2067 663 2125 cunis
677 2072 709 2125 et
720 2068 787 2125 sine
798 2083 873 2125 voce
884 2083 973 2144 puer,

322 2148 377 2210 Me
387 2148 496 2228 laedit,
509 2150 535 2210 si
547 2148 643 2210 multa
652 2151 711 2210 tibi
723 2148 810 2209 dedit
821 2149 924 2209 oscula
936 2155 1045 2226 mater,

364 2235 418 2293 Me
429 2253 519 2294 soror
531 2240 563 2293 et
575 2254 642 2293 cum
654 2251 732 2312 quae
745 2232 858 2293 dormit
874 2235 969 2294 amica
981 2229 1086 2292 simul:

323 2317 432 2376 Omnia
442 2335 491 2397 me
502 2316 645 2378 laedunt:
663 2316 788 2376 timidus
799 2337 865 2376 sum
875 2309 1022 2400 (ignosce
1033 2311 1162 2402 timori)

361 2401 403 2461 lit
414 2402 509 2459 miser
518 2402 551 2459 in
562 2402 666 2460 tunica
678 2403 818 2480 suspicor
828 2419 898 2469 esse
909 2402 1016 2459 virum.

271 2493 302 2546 15
322 2483 381 2544 llis
392 2482 475 2562 oiim,
487 2491 521 2542 ut
531 2484 611 2544 fama
622 2492 681 2563 est,
692 2485 775 2544 vitiis
786 2484 825 2543 ad
836 2481 957 2564 proelia
967 2489 1091 2542 ventum
1102 2489 1163 2562 est,

362 2567 420 2627 His
433 2569 569 2628 Troiana
578 2568 665 2628 vides
676 2568 787 2627 funera
797 2569 968 2648 principiis.

320 2651 444 2730 Aspera
452 2653 624 2712 Centauros
635 2652 745 2711 eudem
756 2651 911 2710 dementia
919 2651 1010 2712 iussit

360 2735 519 2812 Frangere
529 2737 563 2794 in
574 2735 734 2794 adversum
744 2734 855 2815 pocula
865 2734 1046 2794 Pirithoum.

321 2818 385 2877 Cur
397 2815 537 2896 exempla
548 2823 652 2897 petam
663 2818 812 2876 Graium?
833 2826 867 2876 tu
879 2819 1015 2878 criminis
1030 2822 1148 2895 aanor,

268 2910 303 2962 20
363 2900 505 2959 Nutritus
517 2899 758 2982 duro,Romule,
767 2899 850 2961 lacte
860 2901 964 2981 lupae,

322 2983 371 3043 Tu
382 3001 495 3061 rapere
505 2985 635 3044 intectas
646 2983 779 3044 docuisti
789 2986 904 3065 inpune
917 2987 1061 3045 Sabinas:

359 3066 423 3126 Per
433 3073 466 3126 te
477 3086 558 3127 nunc
569 3068 684 3128 Romae
697 3066 851 3147 quidlibet
863 3069 955 3129 audet
966 3070 1071 3128 Amor.

318 3149 410 3210 Felix
420 3149 545 3211 Admeti
557 3153 689 3211 coniunx
700 3159 733 3210 et
743 3151 844 3211 lectus
855 3151 966 3230 Ulixis,

358 3233 401 3296 lit
413 3254 622 3315 quoecumque
633 3237 693 3295 viri
703 3236 818 3295 semina
827 3236 924 3295 limen
935 3244 1023 3295 amat.

265 3368 300 3421 25
322 3360 454 3442 Templa
463 3363 635 3424 Pudicitiae
646 3363 721 3443 quid
733 3383 809 3443 opus
821 3366 966 3425 statuisse
977 3359 1103 3443 puellis,

360 3446 394 3505 Si
406 3448 501 3507 cuivis
510 3452 624 3525 nuptae
638 3446 792 3524 quidlibet
801 3466 873 3521 esse
883 3447 982 3508 licet?

320 3573 404 3646 Quae
416 3592 521 3632 manns
534 3573 682 3634 obscenas
694 3574 834 3657 depinxit
844 3579 944 3659 prima
954 3572 1087 3635 'tabellas

358 3655 400 3713 Et
410 3657 513 3734 posuit
525 3661 608 3714 casta
619 3661 721 3738 turpia
732 3662 795 3720 visa
807 3660 908 3739 domo,
