2717 4325
488 416 841 497 urrunnun

311 587 407 666 Inque
419 591 489 645 tuos
497 587 597 664 ignes,
612 585 690 645 dure
700 591 804 666 poeta,
816 589 896 649 veni.

217 677 251 731 Ab
273 670 324 730 Tu
335 688 398 729 uon
409 670 602 749 Antimacho,
613 689 675 730 nou
687 673 784 732 tutior
794 673 856 733 ibis
866 672 1020 735 Homero:

311 754 452 833 Despicit
463 760 496 814 et
506 773 631 834 magnos
642 761 730 815 recta
738 754 847 837 puella
858 756 943 820 deos.

273 836 336 899 Sed
346 854 408 897 non
421 844 492 898 ante
504 841 588 918 gravi
598 846 705 901 taurus
717 842 888 903 succumbit
899 850 1014 920 aratro,

314 922 437 983 Cornua
448 942 538 1002 quam
547 922 659 984 validis
670 925 809 985 haeserit
821 928 855 985 in
865 924 997 1006 laqueis,

270 1004 336 1066 Nec
345 1013 381 1067 tu
391 1012 454 1067 tarn
464 1006 559 1068 duros
568 1026 627 1087 per
638 1014 671 1068 te
681 1010 813 1087 patieris
823 1029 959 1070 amores:

217 1100 251 1151 50
314 1090 401 1151 Trux
411 1098 515 1152 tamen
526 1112 544 1150 a
556 1092 646 1151 nobis
658 1097 730 1151 ante
742 1091 911 1153 domandus
923 1096 995 1156 eris.

269 1174 387 1235 Harum
398 1174 484 1235 nullu
495 1174 576 1235 solet
586 1176 739 1234 rationem
751 1194 903 1256 quaerere
914 1176 1029 1257 mundi,

309 1259 374 1319 Nec
385 1279 439 1318 cur
449 1260 598 1319 fraternis
609 1258 696 1319 Luna
704 1258 829 1322 laboret
838 1262 937 1339 equis,

269 1342 335 1401 Nec
346 1344 372 1401 si
382 1348 454 1422 post
465 1342 586 1421 Stygias
598 1342 716 1423 aliquid
726 1343 1010 1423 restaverit'uudcs,

310 1424 376 1485 Nec
386 1426 413 1485 si
426 1426 565 1487 consulto
577 1426 706 1487 fulmina
715 1430 808 1489 missa
817 1434 938 1490 tonent.

215 1516 249 1571 55
270 1510 384 1589 Aspice
395 1528 455 1587 me,
468 1513 518 1571 cui
529 1532 622 1593 parva
634 1511 717 1573 dorni
726 1514 853 1573 fortuna
862 1512 974 1573 relicta
984 1519 1043 1592 cst,

250 1604 255 1613 '
309 1592 419 1655 Nullus
432 1601 466 1654 et
477 1598 602 1675 antiquo
614 1597 719 1657 Marte
730 1598 905 1677 triumphus
916 1598 975 1675 avi,

268 1679 312 1739 Ut
322 1696 450 1757 regnem
461 1680 570 1740 mixtas
581 1682 665 1765 inter
677 1683 802 1741 conviva
812 1681 932 1761 puellas

309 1762 378 1821 Hoc
390 1781 458 1840 ego,
472 1783 531 1841 quo
542 1766 600 1825 tibi
610 1783 692 1824 nunc
703 1763 821 1842 elevor,
831 1767 966 1843 ingenio.

268 1844 322 1904 Me
334 1845 419 1905 iuvet
428 1846 585 1905 hesternis
596 1850 731 1926 positum
741 1848 891 1927 languere
903 1846 1041 1928 corollis,

215 1934 251 1989 60
292 1979 299 1989 .
313 1928 412 2003 Quem
425 1928 530 2005 tetigit
540 1930 623 1988 iactu
635 1938 739 1990 certus
751 1932 790 1990 ad
801 1951 869 1991 ossa
881 1932 967 2010 deus,

267 2012 358 2070 Actia
368 2009 534 2089 Virgilium
544 2012 679 2072 custodis
690 2011 786 2072 litora
795 2014 926 2091 Phoebi,

311 2094 453 2155 Caesaris
466 2100 498 2155 et
509 2095 608 2153 fortes
621 2095 727 2155 dicere
737 2115 830 2175 posse
843 2104 937 2176 rates,

270 2180 330 2255 Qui
341 2198 422 2239 nunc
433 2179 559 2238 Aeneae
572 2179 701 2239 Troiani
713 2182 841 2240 suscitat
852 2201 935 2240 arma

310 2264 453 2343 luctaque
465 2262 588 2324 Lavinis
600 2265 722 2323 moenia
731 2263 885 2326 litoribus.

216 2354 249 2410 65
272 2347 384 2408 cedite
395 2347 525 2406 Romani
537 2349 718 2427 scriptores,
731 2346 834 2409 cedite
846 2349 949 2410 Graii:

310 2428 423 2490 Nescio
436 2429 511 2510 quid
522 2432 618 2491 maius
629 2433 767 2491 nascitur
777 2429 885 2494 Iliade.

270 2514 321 2574 'l’u
335 2515 418 2576 canis
429 2515 567 2574 umbrosi
580 2517 688 2576 subter
697 2517 806 2595 pineta
817 2517 941 2577 Galaesi

246 2636 248 2640 ν
311 2599 450 2678 Thyrsin
461 2604 496 2658 et
505 2600 620 2659 attriti
631 2600 776 2679 Daphnin
787 2598 999 2678 arundinibus,

267 2683 373 2762 thue
384 2682 493 2743 decem
504 2684 624 2764 possint
635 2702 836 2764 corrumpere
847 2681 927 2743 mula
936 2681 1065 2764 puellas,

204 2775 249 2848 Ι70
310 2767 425 2828 Missus
438 2773 471 2827 et
481 2769 631 2848 inpressis
641 2768 761 2828 haedus
771 2770 808 2828 cb
819 2769 977 2830 uberibus.

267 2849 366 2928 Felix,
380 2853 432 2932 qui
443 2851 520 2912 viles
531 2853 630 2931 pomis
641 2852 791 2913 mercaris
802 2853 938 2914 amores!

306 2936 388 2995 Huic
397 2935 474 2996 licet
482 2937 622 3014 ingratae
635 2936 765 3016 Tityrus
774 2938 844 3018 ipse
855 2943 959 2998 canat:

266 3017 358 3078 Felix
367 3021 517 3079 intactum
530 3018 677 3096 Corydon
690 3021 743 3097 qui
753 3027 886 3101 temptat
897 3019 1009 3080 Alexin

307 3100 471 3178 Agricolae
484 3101 600 3159 domini
612 3119 742 3179 carpere
753 3101 898 3162 delicias!
1011 3176 1013 3180 Ι

213 3191 246 3246 75
270 3185 415 3260 Quamvis
423 3181 480 3241 ille
492 3201 546 3242 sua
554 3182 654 3241 lassus
664 3185 843 3260 requiescat
853 3201 958 3259 avens,

307 3265 464 3327 Laudatur
475 3264 577 3324 facilis
588 3266 672 3324 iuter
683 3264 924 3344 Hamadryadas.

268 3351 317 3412 Tu
330 3352 414 3411 canis
425 3350 553 3411 Ascraei
564 3349 679 3408 veteris
689 3354 858 3429 praecepta
867 3354 990 3428 poetae,
1097 3355 1112 3376 ⁸

309 3436 375 3511 Quo
389 3453 478 3514 seges
489 3435 522 3492 in
534 3451 650 3512 campo,
663 3453 723 3514 quo
735 3434 816 3494 viret
827 3452 884 3494 uva
893 3433 975 3510 iugo.

269 3518 347 3579 Tale
359 3517 437 3578 facis
448 3537 582 3594 carmen,
595 3516 686 3576 doctu
695 3518 855 3578 testudine
867 3514 960 3594 quale

212 3611 248 3665 80
310 3601 463 3681 Cynthius
474 3603 617 3682 inpositis
629 3607 784 3683 temperat
795 3599 944 3662 articulis.

265 3685 335 3747 Nou
346 3692 449 3747 tamen
460 3687 538 3746 hacc
549 3683 605 3745 ulli
613 3687 742 3746 venient
751 3687 872 3765 ingrata
881 3682 1012 3763 legenti,
