2717 4325
171 423 212 484 38
387 419 532 480 nautii
555 418 758 500 (nuenarii)
780 421 849 482 ΗΒ.
866 419 917 483 111.
932 431 958 487 3.

212 590 342 668 insignia
364 586 448 649 alara
468 589 713 668 conspicuusque
735 585 845 667 domn,

170 677 233 735 Aut
252 679 289 733 ut
309 671 405 733 multa
426 673 488 732 mei
508 678 695 731 renovarent
715 673 821 750 iugera
842 674 923 734 tauri

211 759 252 818 nt
273 775 396 835 magnas
418 774 534 816 messes
555 762 641 816 terra
661 757 795 835 benigna
812 754 922 834 -daret,

171 841 234 902 Sed
251 848 355 902 tecum
376 845 411 899 ut
431 838 545 918 longae
565 840 715 900 sociarem
736 838 845 919 gaudia
865 841 945 901 vitae

211 925 307 1003 lnqne
329 931 383 986 tue
405 921 533 984 caderet
554 930 661 984 nestra
682 930 809 985 senecta
829 926 897 984 sinn
1015 941 1020 950 “

171 1009 259 1069 Tunc
280 1028 349 1068 eum
370 1026 535 1088 permenso
557 1007 722 1070 defunctus
743 1015 884 1089 tempore
900 1009 978 1070 lueis

210 1090 318 1153 Nudus
337 1092 474 1152 Lethaea
495 1111 626 1171 angerer
646 1094 695 1152 ire
718 1093 809 1152 rate?

168 1177 245 1236 Nam
266 1194 358 1255 grave
381 1175 454 1254 quid
475 1176 606 1257 prodest
623 1175 744 1256 pondus
761 1177 836 1236 mihi
859 1173 962 1235 divitis
983 1177 1067 1255 auri,

210 1261 354 1340 Arvaque
372 1261 400 1320 si
418 1259 537 1320 findant
555 1262 680 1340 pinguia
701 1257 786 1320 mille
808 1260 924 1320 boves?

169 1342 287 1422 Quidve
309 1344 416 1404 demus
437 1344 568 1425 prodest
587 1343 731 1423 Phrygiis
751 1345 855 1404 innixa
874 1343 1040 1423 calumnis,

211 1429 354 1489 Taenare
376 1430 440 1488 aive
460 1429 540 1505 tuis,
561 1430 625 1488 sive
647 1429 778 1507 Caryste
797 1430 875 1504 tuis,

168 1515 210 1574 nt
228 1531 355 1572 nemora
375 1513 407 1571 in
429 1510 570 1586 domibus
589 1531 693 1572 saeros
712 1513 864 1572 imitantia
883 1510 970 1572 lueos

210 1597 408 1674 Aurataeqne
427 1597 534 1654 trabes
555 1614 821 1674 marmoreumque
843 1593 967 1656 solnm?

168 1680 286 1757 Quidve
307 1681 342 1739 in
363 1678 539 1757 Erythraeo
560 1678 676 1757 legitur
698 1699 776 1758 qnae
796 1679 891 1740 litore
913 1682 1029 1741 coneha

211 1764 384 1841 Tinctaque
405 1760 532 1821 Sidonio
553 1764 668 1823 murice
690 1760 761 1824 lana
779 1765 878 1842 iuvat,
910 1775 917 1792 ⁰

166 1849 209 1909 Et
226 1865 303 1927 quae
324 1853 488 1928 praeterea
507 1845 639 1926 populus
660 1848 812 1908 miraturi
833 1849 866 1908 in
887 1846 951 1908 illis

209 1929 326 1992 Invidia
349 1936 413 1991 est:
436 1926 514 1990 falso
536 1928 670 2009 plurima
690 1929 797 2009 vulgus
818 1938 908 1992 amat.

168 2016 237 2077 Nan
260 2017 369 2096 opibus
390 2020 510 2074 mentes
529 2014 686 2074 hominum
709 2034 864 2096 curaeque
883 2014 1042 2077 levanturr

208 2100 283 2159 Nam
305 2099 444 2160 Fortuna
465 2118 520 2159 sua
538 2105 677 2180 tempora
700 2097 773 2179 lege
794 2101 884 2179 regit.

166 2185 214 2245 Sit
237 2185 311 2244 mihi
332 2190 498 2265 paupertas
519 2190 621 2245 teeum
642 2184 791 2263 ineunda,
813 2186 949 2247 Neaera:

207 2270 250 2329 At
271 2269 389 2328 sinete
410 2286 517 2346 regum
539 2287 666 2329 munera
688 2268 772 2328 nulla
792 2266 872 2329 volo.

1148 667 1173 740 '⁵

166 2354 192 2414 0
214 2354 350 2428 niveam,
373 2370 451 2431 quae
470 2356 504 2410 te
525 2353 644 2430 poterit
666 2354 741 2412 mihi
764 2352 915 2430 reddere,
935 2351 1050 2412 lucem!
1155 2360 1165 2375 '

208 2436 235 2496 0
257 2438 333 2497 mihi
354 2434 480 2497 felicem
501 2444 612 2513 terque
632 2442 804 2516 quaterque
824 2437 920 2497 diem!

166 2522 207 2581 At
228 2523 273 2599 si,
294 2539 352 2601 pro
376 2518 458 2581 dulei
479 2518 584 2580 reditu
607 2538 808 2601 quaeeunque
829 2528 996 2598 verentur,

208 2604 323 2665 Audiat
344 2623 450 2665 aversa
470 2624 532 2664 non
553 2622 639 2664 meus
659 2624 735 2666 aure
758 2604 850 2683 deus,

164 2688 229 2748 Nee
251 2708 300 2750 me
322 2706 418 2767 regna
439 2691 544 2747 iurant
565 2705 623 2746 nee
643 2686 761 2765 Lydius
782 2686 899 2747 aurifer
921 2687 1017 2746 amnis

208 2772 274 2833 Nee
297 2790 371 2853 quaa
391 2779 546 2833 terrarum
569 2772 702 2830 sustinet
723 2771 808 2830 orbis
829 2788 914 2850 opes.

164 2856 250 2918 Haec
273 2857 324 2918 alii
347 2858 488 2938 cupiant,
509 2854 603 2914 liceat
622 2854 697 2913 mihi
718 2871 855 2934 paupere
878 2852 962 2913 cultu

207 2941 323 3003 Securo
346 2961 417 3002 aare
436 2940 564 3016 coniuge
583 2956 676 3018 passe
697 2938 769 2999 frui.

165 3025 257 3086 Adsis
280 3032 312 3087 et
333 3024 450 3086 timidis
471 3025 591 3099 faveas,
615 3021 773 3100 Saturnia,
796 3022 892 3099 vatis,

205 3110 248 3170 Et
267 3111 371 3171 faveas
393 3109 525 3185 concha,
548 3106 678 3187 Cypria,
701 3111 789 3166 vecta
810 3111 871 3167 tna.

164 3193 227 3253 Ant
249 3196 276 3254 si
295 3194 359 3255 fata
378 3197 493 3271 negant
515 3189 650 3251 reditum
672 3192 842 3268 tristesque
865 3208 1006 3269 sorores,

207 3278 342 3337 Stamina
362 3293 440 3355 qnae
462 3273 578 3334 ducunt
600 3293 739 3353 quaeque
760 3274 864 3333 futura
884 3281 997 3352 neunt,

163 3361 219 3422 Me
238 3368 329 3421 vocet
349 3362 381 3421 in
403 3365 516 3428 vastes.
526 3377 629 3419 amnes
651 3360 833 3436 nigramque
853 3356 998 3437 paludem

206 3446 297 3505 Dives
319 3446 352 3504 in
372 3445 478 3522 ignava
500 3441 621 3502 luridus
644 3441 743 3501 Oreus
766 3461 851 3520 aqua.

575 3599 768 3609 --—-
