2717 4325
464 453 811 523 columcilli.
835 466 878 525 12

278 628 350 689 Sive
369 635 454 690 traua
471 624 548 691 altas
569 626 729 707 gradietur
748 626 860 709 Alpes,

223 724 256 775 10
277 713 417 774 (laesuris
436 714 539 774 visens
560 713 748 772 monimenta
768 712 886 790 magui,

279 794 431 858 Gallicum
452 798 594 858 Rhenum
614 794 843 873 horribilesque
864 794 938 858 ulti-

379 916 381 923 ·
480 898 609 959 mosque
627 880 809 956 Britannos,

276 964 384 1025 Omnia
404 965 495 1043 haec,
515 980 714 1042 quaecuuque
733 963 818 1023 ieret
839 959 982 1027 voluntas

278 1046 446 1126 Caelitum,
466 1054 620 1128 temptare
641 1044 732 1107 simul
750 1047 868 1126 parati,

209 1126 252 1193 ’15
275 1130 375 1193 Pauca
394 1133 533 1193 nuntiate
551 1148 638 1191 meae
659 1128 782 1210 puellae
921 1159 924 1166 ⁴
982 1158 1002 1191 .·

425 1215 546 1275 Nou
564 1214 644 1274 boun
665 1212 757 1272 diota
835 1225 870 1251 ·-
983 1246 991 1261 ·

277 1298 354 1359 Gom
377 1299 440 1358 suis
460 1299 541 1358 ιιιιι
552 1295 723 1373 adeatque
742 1295 941 1362 moechis..

277 1380 361 1457 Quos
380 1378 471 1442 ιιιιι]
492 1378 651 1459 complexa
670 1384 758 1439 tenet
779 1383 974 1456 treoeutos,

276 1463 401 1525 Nullum
423 1483 525 1525 amaus
545 1480 637 1539 uere,
658 1460 715 1522 aed
734 1460 905 1556 identidem
925 1462 1058 1523 omnium

219 1558 268 1611 20·
348 1570 396 1581 ·*
478 1546 536 1609 illa
546 1562 715 1626 ¹rrumpeno
1001 1566 1005 1575 ¹

275 1631 342 1693 Neo
362 1650 463 1692 meum
481 1636 656 1713 respectet,
677 1635 712 1689 ut
731 1633 819 1705 aute,
841 1648 993 1716 amorem,

212 1792 214 1795 Ι
277 1717 337 1792 Qui
356 1714 441 1777 illius
463 1714 554 1801 eulpa
574 1711 688 1774 cecidit
707 1710 795 1772 velut
813 1715 896 1793 prati

248 1798 382 1860 Ultimi
402 1801 478 1879 iios,
500 1790 721 1878 praetereunte
741 1814 888 1876 posquam

400 1926 403 1935 .
482 1882 597 1943 'laetus
618 1884 721 1987 aratro
743 1885 799 1940 est

572 2019 779 2039 ,-........-..

595 2102 706 2169 ·.XIl

279 2187 462 2285 Marrucine
482 2163 599 2305 Asini,
593 2245 699 2285 mauu
720 2225 845 2285 sinistra

275 2305 345 2367 Non
366 2307 450 2370 belle
471 2310 570 2370 uteris
589 2311 622 2368 in
644 2309 713 2368 iooo
734 2315 826 2386 atque
843 2303 931 2366 vino:

278 2387 378 2449 'follia
398 2389 496 2451 lintea
515 2391 785 2468 negligentiorum.

277 2471 347 2530 lloo
366 2473 479 2531 salsum
501 2491 571 2532 esse
588 2473 698 2556 putas?
718 2473 799 2550 fugit
819 2475 869 2547 te,
888 2471 1011 2549 inepte:

241 2565 262 2615 5
280 2555 421 2629 Quamvis
440 2553 564 2613 sordida
585 2572 637 2614 res
659 2561 693 2614 et
711 2554 871 2613 invenusta
892 2559 950 2613 est.

278 2637 347 2712 Non
369 2637 471 2697 eredis
491 2636 588 2697 mihi?
609 2636 704 2697 erede
724 2634 858 2696 Pollioni

277 2719 396 2798 Fratri,
418 2721 470 2800 qui
491 2725 543 2781 tua
564 2719 647 2780 forta
667 2719 718 2780 vel
738 2719 856 2780 talento
945 2714 948 2719 ’

276 2804 406 2866 Mutari
413 2803 506 2865 uelit:
527 2811 576 2864 est
596 2805 677 2864 enim
699 2804 841 2884 leporum

156 2963 162 2972 .
275 2889 416 2948 Disertus
437 2906 516 2968 puer
537 2907 571 2948 aa
592 2888 781 2948 facetiarum.
839 2917 842 2924 ·
921 2886 924 2891 ⁴

220 2983 256 3034 10
277 2973 379 3048 Quare
399 2978 450 3031 aot
469 2970 746 3050 hendecasyllabos
766 2976 925 3030 trecentos

218 3093 220 3098 -
277 3055 430 3134 Expecta,
452 3061 504 3116 ιιι
524 3055 598 3118 milri
621 3052 751 3115 linteum
772 3052 935 3131 remitte,

278 3137 367 3214 Quod
389 3156 520 3198 menon
541 3144 643 3198 movet
664 3138 892 3213 aestimatione,

217 3283 221 3292 ,
278 3221 394 3283 Verum
414 3227 462 3282 eat
481 3240 709 3300 mnemosynum
729 3222 789 3279 mei
810 3217 934 3284 sodalis.

160 3379 164 3386 ι
278 3305 354 3364 Νιιι
374 3303 496 3365 sudaria
515 3304 646 3382 Saetaba
668 3322 705 3364 er
726 3303 873 3366 Hibereis

221 3397 256 3450 15
277 3388 432 3450 Miserunt
451 3387 526 3458 milri
546 3388 667 3448 muneri
687 3384 836 3446 Fabullus
953 3462 956 3468 Ι

278 3472 320 3541 Ει
339 3469 526 3531 Verannius:
548 3471 625 3531 haec
645 3483 745 3530 amem*
760 3485 888 3528 neeesse
909 3476 958 3528 est
1096 3497 1100 3503 ⁴

240 3567 242 3572 ’
276 3554 318 3615 Et
337 3551 558 3614 Veranuiolum
579 3572 679 3614 meum
701 3558 733 3613 et
752 3549 924 3613 Fabullum:
1064 3551 1067 3556 ’
