2717 4325
506 422 652 484 'l'lBULLl
672 422 740 483 LlB.
757 421 778 482 l.
795 434 820 487 9.
839 435 879 487 10.

187 595 242 657 llls
263 593 347 655 nulla
369 600 463 674 queat
483 594 593 655 melius
616 612 799 654 consumere
820 599 945 653 noctem

228 681 291 739 Aut
313 698 441 759 operum
462 680 561 739 varias
583 678 774 759 disposuisse
794 678 886 739 vices.

186 766 228 824 At
249 770 302 824 tua
323 762 506 843 perdidicit:
528 783 587 826 nec
608 773 657 842 tu,
681 761 879 842 stultissime,
901 761 1016 842 sentis,
1159 771 1193 828 65

229 849 306 908 (lum
327 848 386 907 tibi
408 867 470 907 non
490 846 583 910 solita
605 867 717 928 corpus
737 848 773 906 ab
795 853 862 907 arte
885 853 997 908 movet.

187 932 278 992 Tune
298 938 388 1012 putas
403 929 491 992 illam
512 950 570 1015 pro
591 938 625 993 tc
644 931 813 1012 disponere
835 931 938 992 crines

229 1017 291 1077 Aut
311 1023 422 1077 tenues
445 1015 542 1077 denso
562 1023 693 1099 pectere
714 1015 809 1075 dente
832 1016 956 1076 comas?

186 1102 247 1161 Ista
265 1101 343 1161 baec
366 1100 535 1182 persuadet
554 1101 668 1179 facies,
691 1117 827 1177 auroque
848 1097 985 1160 lacertos

229 1185 354 1246 Vinciat
375 1192 409 1246 et
428 1185 526 1264 Tyrio
548 1185 682 1265 prodeat
704 1190 774 1264 apta
791 1185 868 1246 sinu.
1159 1193 1193 1248 70

72 1344 73 1359 χ
186 1269 255 1328 Non
275 1271 349 1348 tibi,
372 1269 429 1329 sed
446 1269 550 1328 iuveni
572 1267 692 1328 cuidam
711 1266 776 1329 vult
796 1265 880 1328 bella
898 1266 1016 1347 videri,

228 1353 385 1414 Devoveat
402 1373 460 1433 pro
484 1371 544 1430 quo
569 1371 698 1432 remque
721 1350 906 1431 domumque
927 1358 1023 1416 tuam·

186 1437 251 1496 Nec
271 1437 347 1497 t'scit
367 1438 427 1497 hoc
447 1438 538 1511 vitio,
561 1434 619 1497 sed
640 1457 771 1518 corpora
791 1436 885 1497 foeda
904 1435 1041 1518 podagra

227 1521 269 1581 l'lt
291 1523 374 1582 senis
394 1520 551 1601 amplexus
571 1522 654 1582 culta
674 1520 778 1605 puello
797 1521 887 1600 fugit.

186 1605 266 1666 Huic
285 1612 388 1666 tamen
411 1608 552 1667 accubuit
574 1612 683 1668 noster
703 1625 797 1688 puer:
820 1608 902 1667 hunc
924 1625 981 1686 ego
1005 1603 1127 1667 credam
1160 1611 1194 1667 75

228 1690 306 1750 (lum
326 1692 466 1751 trucibus
482 1691 641 1754 Venerem
659 1691 792 1772 iungere
814 1710 908 1772 posse
929 1692 1017 1751 ieris.

186 1772 398 1835 Blanditiasne
417 1793 501 1835 meas
524 1774 592 1836 aliis
613 1780 647 1835 tu
666 1772 805 1837 vendere
827 1794 861 1836 es
882 1796 987 1854 ausus,

229 1857 320 1918 Tune
341 1857 410 1918 aliis
432 1857 560 1918 demens
581 1859 686 1920 oscula
707 1861 793 1921 ferre
812 1862 903 1920 meai

187 1940 276 2001 Tunc
297 1942 403 2019 flebis,
426 1962 494 2002 cnm
514 1960 564 2002 me
584 1945 719 2004 vinctum
738 1963 817 2024 puer
839 1943 919 2005 alter
940 1945 1068 2005 habebit

227 2026 269 2084 Et
290 2033 380 2106 geret
396 2027 429 2085 in
450 2045 549 2104 regno
570 2045 667 2106 regua
689 2028 822 2107 superba
841 2034 903 2088 ιιιο.
1160 2033 1195 2088 80

185 2110 227 2169 At
248 2116 300 2171 tna
321 2116 386 2171 tum
407 2128 456 2172 me
478 2129 578 2191 poena
599 2112 701 2191 iuvet,
723 2111 904 2190 Venerique
926 2113 1060 2173 merenti

227 2194 303 2255 Fixa
323 2200 413 2256 notet
435 2214 522 2255 casus
544 2216 637 2256 aurea
658 2195 758 2276 palma
779 2215 874 2259 meos.

187 2278 293 2340 ‘Hanc
313 2280 373 2339 tibi
391 2277 498 2339 fallaci
517 2278 675 2341 resolutus
698 2299 802 2340 amore
826 2280 971 2341 Tibullus

228 2362 360 2425 Dedicat
382 2370 416 2424 et
437 2369 524 2443 grata
546 2365 605 2442 sis,
627 2364 701 2442 dea,
724 2371 829 2425 mente
849 2368 959 2445 rogat!

665 2582 709 2645 X.

187 2664 265 2769 lluis
286 2698 363 2775 fnit,
382 2697 558 2758 horrendos
579 2700 696 2778 primus
718 2700 769 2777 qui
789 2697 921 2779 protulit
942 2700 1057 2761 enses?

228 2785 325 2861 Quam
346 2782 432 2842 ierus
455 2789 487 2843 et
508 2801 583 2843 vere
605 2783 728 2843 ferreus
750 2780 805 2843 ille
828 2782 903 2843 init!

187 2870 267 2929 Tum
289 2864 401 2927 caedes
422 2868 579 2927 hominum
602 2868 728 2945 generi,
751 2873 815 2928 tum
836 2866 1061 2949 praeliaretur,

229 2952 309 3011 Tum
330 2951 456 3011 brevior
479 2951 565 3012 dirae
586 2954 696 3012 mortis
718 2957 826 3031 aperta
847 2952 895 3011 via
917 2959 974 3014 est.

185 3036 234 3098 An
255 3032 334 3095 nibil
355 3033 411 3094 illc
433 3036 528 3095 miser
549 3036 688 3096 meruit?
710 3055 767 3095 nos
789 3034 828 3095 ad
848 3035 928 3097 mala
950 3045 1056 3098 nostra
1178 3049 1198 3102 5Ἰ

228 3120 403 3196 Vertimus,
425 3120 457 3177 in
474 3138 580 3179 saevas
600 3117 684 3197 quod
705 3117 793 3180 dedit
814 3118 870 3180 illc
891 3121 986 3182 feras.

185 3205 297 3267 Divitis
319 3204 379 3263 hoc
396 3203 503 3263 sitium
526 3210 576 3263 eat
597 3205 672 3263 auri.
694 3204 760 3264 Nec
782 3202 864 3265 bella
882 3205 1026 3285 fuerunt,

229 3288 365 3367 Faginus
386 3288 506 3347 astabat
527 3308 594 3349 cnm
616 3290 750 3369 scyphus
770 3296 841 3349 ante
864 3288 971 3370 dapes,

184 3373 254 3436 Non
274 3390 377 3450 arces,
399 3390 461 3431 non
482 3369 581 3431 sallus
602 3379 686 3452 erat,
705 3393 906 3453 somnumque
926 3376 1055 3455 petebat

228 3458 362 3518 Securus
382 3457 482 3515 varias
505 3454 565 3516 dux
586 3458 690 3535 gregis
711 3459 795 3519 inter
814 3478 895 3520 oves.
1164 3467 1198 3521 10

184 3543 275 3603 Tunc
296 3541 371 3600 mihi
392 3540 454 3599 vita
475 3540 575 3619 foret,
596 3540 679 3621 vulgi
701 3562 759 3604 nec
780 3545 882 3605 tristia
901 3562 1025 3603 nossem

228 3628 324 3686 Arma
345 3642 404 3683 nec
427 3623 581 3685 audissem
597 3626 693 3687 corde
714 3628 848 3689 micante
871 3629 990 3688 tubam:

182 3710 271 3772 Nune
290 3708 330 3771 ad
351 3708 432 3771 bella
462 3712 581 3789 trahor,
604 3718 636 3771 et
658 3714 719 3772 iam
739 3712 807 3789 quis
831 3712 963 3772 forsitan
985 3712 1084 3771 hostis
