2717 4325
283 667 563 769 ALBII
633 667 1036 774 TIBULLI

462 885 602 948 uranu
625 884 848 965 ounnnue.

554 1067 766 1078 ———-—-

643 1220 670 1283 Ι.

157 1304 224 1417 Te,
246 1337 400 1416 Messala,
424 1359 545 1418 canam,
570 1359 741 1419 quanquam
764 1356 813 1398 me
837 1339 959 1416 cognita
977 1339 1075 1400 virtus

157 1424 291 1502 Terret,
313 1430 348 1483 ut
367 1423 510 1484 infirmae
529 1429 687 1503 nequeant
707 1424 878 1482 subsistere
898 1423 997 1502 vires,

156 1508 302 1588 Incipiam
323 1513 436 1570 tamen.
459 1509 617 1568 emeritis
639 1509 666 1568 si
689 1509 824 1568 carmina
842 1503 969 1585 landes,

155 1591 326 1652 Deficiunt:
346 1590 471 1652 humilis
493 1594 588 1653 tantis
610 1594 667 1652 sim
691 1591 834 1652 conditor
852 1591 946 1668 actis,

155 1676 220 1735 Nec
241 1683 294 1735 tua
313 1683 441 1756 praeter
462 1684 496 1737 te
519 1677 635 1750 chartis
656 1679 800 1736 intexere
824 1676 984 1755 qnisquam
1149 1689 1165 1739 5

155 1758 247 1819 Facta
270 1766 381 1839 queat,
403 1760 496 1821 dictis
518 1768 635 1822 utnon
657 1762 774 1822 maiora
797 1761 968 1840 supersint.-

154 1845 213 1904 llst
234 1845 325 1904 uobis
343 1842 479 1905 voluisse
501 1847 592 1924 satis,
613 1863 673 1906 nec
695 1863 823 1906 munera
843 1864 937 1925 parva

155 1928 335 2008 Respueris.
357 1929 450 1988 etiam
471 1929 599 1990 Phoebo
622 1930 796 2008 gratissimo
816 1926 896 1988 dona

157 2013 235 2072 Cres
256 2009 346 2090 tulit,
371 2018 404 2072 et
426 2015 545 2074 cunctis
564 2014 686 2074 Baccho
707 2011 871 2073 iucundior
892 2013 1006 2092 hospes

155 2097 278 2176 learns,
300 2101 335 2155 ut
356 2115 435 2177 puro
457 2103 612 2158 testantur
634 2095 738 2157 sidera
761 2095 847 2156 caelo
1133 2109 1166 2160 10

155 2182 357 2261 Erigoneque
381 2182 556 2262 Canisque,
575 2188 672 2261 neget
690 2200 730 2243 ue
751 2179 876 2259 longior
899 2187 991 2241 aetas.

158 2267 350 2341 Quinetiam
371 2265 500 2327 Alcides
522 2267 599 2327 deus
620 2286 804 2328 ascensurus
828 2265 992 2346 Olympum

156 2351 253 2409 Laeta
271 2347 466 2411 Molorcheis
483 2354 589 2431 posuit
607 2353 739 2429 vestigia
759 2350 868 2428 tectis,

156 2434 316 2512 Parvaque
339 2433 486 2495 caelestis
507 2434 642 2516 placavit
661 2438 759 2515 mica,
781 2452 840 2493 nec
859 2432 924 2494 illis

157 2518 289 2598 Semper
308 2518 448 2579 inaurato
471 2526 577 2581 taurus
601 2518 684 2581 cadit
703 2519 806 2581 hostia
829 2538 934 2579 cornu,
1133 2529 1165 2580 15

156 2601 217 2663 Hic
239 2620 362 2681 quoque
381 2604 423 2663 sit
443 2611 548 2681 gratus
566 2624 677 2684 parvus
698 2601 805 2682 labor,
827 2608 862 2662 ut
883 2603 941 2662 tibi
961 2603 1077 2682 possim

157 2684 233 2745 Inde
254 2683 333 2745 alios
355 2686 493 2767 aliosque
514 2707 632 2748 memor
653 2705 841 2767 componere
862 2705 979 2747 versus.
1063 2704 1065 2712 ’

199 2768 290 2830 Alter
312 2769 396 2831 dicat
417 2790 494 2852 opus
515 2774 617 2851 magni
638 2769 782 2833 mirabile
804 2769 926 2851 mundi,

160 2853 267 2929 Qualis
289 2855 322 2915 ln
344 2856 486 2916 inmenso
509 2855 670 2917 desederit
692 2874 764 2919 sere
783 2852 899 2934 tellus,

159 2937 264 3013 Qualis
286 2940 371 2999 etin
392 2961 518 3004 curvum
538 2946 653 3022 pontus
674 2942 861 3001 confluxerit
880 2942 1003 3022 orbem,
1132 2951 1166 3003 20

155 3022 199 3081 Et
220 3041 330 3101 vagus,
352 3042 370 3083 e
390 3027 486 3086 terris
508 3046 567 3106 qua
587 3044 716 3105 surgere
737 3027 864 3104 nititur,
887 3044 957 3103 aer,

156 3106 239 3168 Huic
262 3112 295 3167 et
317 3116 479 3171 contextus
500 3111 614 3190 passim
634 3111 712 3170 fluat
731 3111 840 3189 igneus
864 3110 989 3188 aether,

156 3189 376 3271 Pendentique
398 3211 493 3275 super
514 3193 696 3255 claudantur
716 3202 752 3255 ut
773 3196 873 3255 omnia
895 3193 998 3254 caelo:

156 3275 215 3355 At,
238 3276 444 3358 quodcunque
466 3296 554 3338 meae
574 3284 724 3359 poterunt
747 3279 862 3339 audere
884 3280 1055 3357 Camenae,

157 3359 222 3419 Seu
239 3361 299 3420 tibi
318 3381 375 3442 par
395 3368 545 3443 poterunt
562 3382 634 3441 seu,
654 3362 737 3443 quod
758 3383 830 3445 spes
853 3365 974 3443 abnuit,
995 3360 1079 3423 ultra
1131 3372 1164 3425 25

156 3444 230 3504 Sive
251 3447 352 3506 minus
375 3445 540 3527 (certeque
562 3454 674 3509 canent
693 3449 826 3529 minus),
848 3468 938 3509 omne
958 3466 1101 3509 vovemus

155 3528 227 3588 Hoc
247 3530 322 3608 tibi,
344 3548 403 3591 nec
423 3537 509 3592 tanto
529 3539 634 3594 careat
653 3534 730 3594 mihi
753 3534 888 3595 carmine
910 3534 1024 3594 charta.

156 3612 253 3692 Nam,
277 3633 455 3695 quanquam·
469 3618 613 3698 antiquae
635 3620 738 3698 gentis
759 3623 908 3700 superant
927 3617 985 3678 tibi
1002 3614 1128 3697 landes,

156 3695 228 3757 Non
249 3705 302 3761 tua
320 3702 468 3763 maiorum
490 3710 636 3765 contenta
657 3710 708 3765 est
728 3702 828 3784 gloria
849 3702 945 3783 fama,
