2717 4325
247 458 290 523 dd
546 450 908 517 saorunsli

332 626 403 689 Non
412 626 532 687 terrum
543 620 671 684 crudele
682 639 785 702 neque
796 626 883 683 esset
892 618 1009 684 bellios
1017 624 1116 703 navis,

375 708 441 770 Neo
451 712 558 768 nostra
570 706 729 769 Actiacum
738 711 880 767 verteret
891 724 961 766 ossa
969 725 1065 786 mare,

278 802 313 856 45
334 792 400 855 Nee
410 793 526 852 totiens
535 792 673 872 propriis
684 792 801 851 eireum
811 796 987 871 oppugnata
996 791 1170 872 triumphis

374 876 469 936 Lassa
481 876 566 936 toret
577 876 680 935 crines
691 874 814 935 solvere
823 872 922 935 Roma
932 892 1014 937 snos.

332 960 420 1022 Haeo
431 965 519 1023 certe
530 960 642 1020 merito
652 964 802 1040 poterunt
812 956 940 1019 laudare
950 959 1103 1021 minores:

372 1044 546 1105 Laeserunt
561 1040 662 1105 nullos
673 1041 786 1123 poeula
795 1048 904 1103 nostra
914 1040 1000 1105 deos.

334 1128 385 1189 'l'u
395 1128 497 1206 modo,
509 1127 581 1189 dmn
589 1125 686 1206 lueet,
697 1128 833 1187 tructam
842 1145 882 1187 ne
894 1125 1007 1187 desere
1018 1128 1115 1187 vitae:

280 1220 316 1273 50
378 1212 489 1272 Omnia
500 1214 526 1272 si
538 1210 663 1272 dederis
675 1210 788 1290 osenla,
799 1230 896 1292 panes
906 1207 1002 1273 dabis.

334 1298 380 1357 Ae
393 1293 490 1355 veluti
503 1295 579 1357 folia
589 1301 714 1356 arentes
724 1293 849 1375 liquere
860 1292 1008 1372 corollas,

374 1380 460 1456 Quae
471 1381 584 1460 passim
595 1378 723 1440 calathis
735 1384 831 1439 strata
840 1384 948 1439 natue
958 1377 1057 1457 vides,

334 1463 387 1524 Sic
396 1465 497 1543 uobis,
510 1466 562 1544 qui
572 1483 652 1524 nune
663 1482 806 1541 magnum
816 1464 967 1542 spiramus
978 1468 1126 1542 amantes,

374 1547 521 1608 Forsitan
531 1546 671 1609 iucludet
682 1548 817 1607 crastina
826 1547 890 1608 fata
900 1544 977 1608 dies.

291 1677 319 1771 8
334 1677 471 1773 Praetor
483 1716 519 1773 ab
528 1711 663 1792 illyricis
670 1714 756 1774 venit
761 1712 864 1793 modo,
876 1714 1022 1794 Cynthia,
1032 1715 1140 1794 terris,
1155 1679 1208 1773 1ss

375 1796 510 1857 Maxima
519 1796 636 1877 praeda
646 1798 716 1876 tibi,
729 1798 859 1859 maxima
869 1818 943 1858 eura
953 1800 1038 1861 mini.

332 1879 403 1941 Non
414 1882 517 1961 potuit
527 1901 599 1942 saro
611 1882 705 1941 vitam
715 1884 857 1962 posuisse
867 1882 1033 1944 cerauno?

375 1965 426 2025 Ah
436 1966 591 2047 Neptune,
602 1966 660 2025 tibi
672 1964 776 2045 qualia
788 1965 868 2026 dona
879 1966 1001 2026 darem!

296 2056 313 2108 5
333 2048 422 2109 Nune
433 2051 500 2111 sine
510 2068 559 2110 me
569 2049 662 2130 plena
670 2050 750 2112 iinnt
761 2051 899 2111 convivia
910 2069 1025 2128 mensa,

374 2132 463 2196 Nune
475 2136 542 2196 sine
552 2152 603 2195 me
613 2140 681 2195 tota
690 2136 781 2196 ianua
787 2140 881 2196 nocte
891 2140 989 2217 patet.

333 2218 447 2298 Quare
460 2221 486 2279 si
497 2221 588 2299 sapis,
600 2218 720 2280 oblatas
730 2238 770 2280 ne
783 2218 895 2281 desere
904 2237 1021 2280 measse

375 2303 417 2362 ist
428 2299 573 2362 stolidum
583 2300 679 2382 pleno
691 2302 808 2363 vellere
819 2322 912 2384 earpe
923 2323 1035 2384 pecusz

335 2382 467 2463 Deinde,
480 2386 534 2445 ubi
545 2392 725 2467 consumpto
737 2387 868 2448 restabit
878 2405 1007 2450 munere
1016 2405 1146 2468 pauper,

282 2477 317 2530 10
376 2468 435 2528 Dic
446 2465 521 2529 alias
532 2471 646 2531 iterum
656 2473 781 2549 naviget
790 2469 920 2551 illyrius.

335 2551 470 2632 Cynthia
480 2573 543 2614 non
555 2557 697 2634 sequitur
706 2554 808 2616 fasces
818 2574 878 2615 nee
891 2562 978 2616 curat
988 2556 1136 2634 honores,

377 2637 507 2719 Semper
517 2645 687 2700 amatorum
696 2637 851 2720 ponderat
861 2637 917 2702 illa
930 2641 1024 2700 sinus.

334 2723 377 2782 at
386 2727 422 2781 tu
432 2741 514 2781 nune
523 2723 644 2801 nostro,
655 2725 773 2802 Venus,
785 2743 803 2783 o
814 2742 961 2784 succurre
973 2720 1086 2802 dolori,

375 2804 509 2884 Rumpat
518 2811 554 2863 ut
564 2805 696 2866 assiduis
706 2809 844 2868 membra
853 2804 1045 2868 libidinibus.

281 2897 315 2950 15
335 2887 419 2965 Ergo
432 2889 610 2948 muneribus
623 2891 722 2968 quiris
732 2898 889 2952 mercatur
897 2890 1056 2952 amorem?

374 2970 524 3051 luppiter,
535 2971 662 3052 indigna
673 2992 778 3035 meree
788 2973 894 3055 puella
903 2977 998 3057 perit.

336 3054 467 3136 Semper
477 3057 510 3114 in
520 3054 676 3118 Oceanum
686 3059 784 3119 mittit
793 3078 842 3119 me
854 3077 1006 3140 quaerere
1018 3075 1154 3138 gemmas

374 3139 417 3200 Et
428 3141 516 3200 iubet
527 3158 565 3201 ex
574 3142 643 3221 ipsa
652 3140 766 3205 tollere
778 3141 859 3203 dona
868 3144 966 3224 Tyro.

335 3224 439 3304 Atque
448 3213 566 3285 utinani
576 3225 692 3288 Romae
704 3246 796 3287 nemo
808 3234 893 3288 esset
904 3228 991 3289 dives
1002 3233 1035 3288 et
1044 3227 1113 3307 ipse
1126 3292 1134 3304 ,

281 3318 318 3370 20
379 3309 742 3391 Stramineapossetdux
751 3312 988 3374 habitareeasai

335 3394 505 3474 Numquam
514 3393 639 3456 venales
650 3401 757 3455 essent
767 3393 805 3455 ad
818 3417 927 3457 munus
940 3397 1065 3473 amirae,

375 3480 480 3558 Atque
491 3498 552 3538 una
559 3478 653 3540 tieret
665 3499 740 3539 cana
749 3478 854 3560 puella
864 3480 972 3556 domo;

333 3561 403 3622 Non
415 3565 486 3642 qnia
497 3568 642 3643 septenas
652 3568 761 3623 noctes
773 3567 912 3625 seiuncta
924 3564 1058 3642 eubsris,

377 3646 516 3706 Candida
526 3653 588 3706 tam
596 3645 692 3705 foedo
703 3649 830 3709 brachia
838 3650 909 3710 fuss
919 3651 998 3726 viro,

279 3735 315 3792 ²5
336 3726 405 3789 Non
416 3732 487 3808 quia
497 3731 649 3810 peccaris,
659 3736 760 3791 testor
771 3738 815 3810 te,
827 3733 886 3794 sed
897 3735 968 3814 qnia
977 3729 1073 3810 vulgo
