2717 4325
384 421 902 504 ‚lmnnimmm
1110 425 1151 491 u

230 603 266 656 10
324 588 457 651 Parvula
466 589 600 650 Lucrina
611 591 719 668 cymba
732 595 872 650 moretur
882 609 970 672 equs,

282 677 462 736 susteneat
474 672 606 753 clansam
616 673 704 733 tenui
715 673 919 734 Teuthrantis
928 676 963 736 in
973 675 1055 736 undo

323 756 474 817 Alternce
485 755 588 816 facilis
599 756 714 816 cedere
726 755 853 837 lympha
863 777 964 838 monn,

185 864 189 872 ’
283 843 379 917 Quam
390 845 478 900 vscet
488 837 616 916 ulterius
629 839 760 900 blandos
772 840 879 901 audire
891 859 1034 903 susurros

322 921 467 984 Molliter
476 926 510 984 in
521 925 616 983 tscito
626 921 723 984 litore
735 925 944 1004 compositam,

227 1018 261 1070 15
281 1009 325 1069 Ut
335 1006 418 1068 solet
429 1013 529 1067 amoto
540 1005 605 1067 lobi
616 1007 745 1066 custode
755 1005 862 1087 puelle

319 1090 455 1170 Perdds,
467 1087 643 1150 communes
654 1107 714 1150 nec
727 1092 903 1150 meminisse
915 1091 1008 1168 dcos;

280 1175 349 1237 Non
361 1176 433 1253 quis
441 1180 609 1254 perspecta
618 1191 682 1233 non
693 1191 727 1232 es
739 1174 814 1232 mihi
826 1175 948 1250 cognita
958 1175 1048 1256 inmo,

323 1257 387 1317 Sed
398 1256 483 1336 quod
492 1258 525 1316 in
536 1259 594 1315 hsc
605 1258 704 1316 omnis
714 1263 804 1336 perte
814 1257 942 1315 timetur
954 1277 1047 1320 amor.

281 1342 426 1420 Ignosces
437 1341 543 1419 igitur,
555 1341 581 1399 si
593 1338 668 1418 qnid
677 1341 736 1399 tibi
746 1341 839 1400 triste
849 1337 953 1399 libelli

225 1433 261 1486 10
320 1422 621 1498 Attulerintnostri:
644 1422 734 1502 culpa
743 1424 864 1482 timori
876 1424 945 1483 erit.

279 1508 356 1568 Nsm
367 1508 442 1567 mihi
457 1525 520 1567 non
530 1508 628 1566 msior
639 1525 729 1566 carne
741 1506 880 1566 custodis
890 1508 997 1566 matris

319 1592 383 1651 Aut
393 1592 461 1650 sine
472 1598 505 1650 te
517 1593 600 1650 sitne
610 1609 684 1650 curs
698 1591 740 1649 sit
750 1587 815 1649 nlls
826 1608 922 1649 mese.

280 1673 329 1734 Τιι
339 1674 414 1734 milri
426 1673 491 1734 sols
502 1674 620 1752 domus,
633 1681 678 1750 tn,
695 1674 839 1752 Cynthia,
851 1671 917 1734 sols
927 1680 1086 1754 parentes,

320 1758 429 1819 Omnia
440 1766 475 1818 tu
486 1754 920 1836 nostroetcmporslsetitioe.

226 1850 260 1902 25
283 1839 345 1902 Seu
355 1842 456 1901 tristis
466 1843 585 1900 venium
596 1858 651 1899 scu
663 1847 771 1900 contro
781 1838 882 1900 lectus
893 1840 1009 1918 amicis,

322 1922 476 2004 Quicquid
487 1941 552 2000 ero,
565 1923 663 1982 dicem
675 1925 821 2002 ‘Cynthia
832 1943 921 1984 conss
931 1923 1013 1983 init?

281 2005 331 2067 Tu
343 2005 435 2065 modo
448 2007 679 2085 quamprimum
691 2012 851 2086 corruptos
863 2006 976 2066 desere
986 2007 1090 2067 Boias:

319 2087 431 2151 Multis
446 2091 506 2150 isto
517 2089 631 2149 dabant
641 2086 737 2149 litore
749 2088 921 2167 discidium,

279 2175 396 2252 Litora,
409 2192 487 2253 qnse
497 2174 623 2234 fuerant
634 2175 727 2233 costis
737 2174 861 2233 inimice
871 2171 994 2253 puellis.

224 2268 260 2321 30
319 2258 369 2318 An
382 2264 515 2337 pereant
524 2258 618 2317 lisine
630 2258 749 2316 crimen
759 2258 871 2317 amoris
883 2257 995 2336 squas!

208 2390 262 2483 l2
280 2388 366 2491 llnid
376 2424 452 2484 mihi
460 2422 601 2507 ¹desidioe
611 2442 673 2483 non
686 2442 787 2483 cessas
801 2424 921 2502 lingere
933 2425 1061 2503 crimen,
1185 2468 1188 2477 ι

321 2506 411 2583 Quod
419 2508 515 2567 facist
525 2509 615 2567 nobis
625 2508 749 2566 conscio
758 2506 854 2567 Rome
864 2508 1001 2567 morsm?

278 2590 358 2650 Tnm
367 2588 463 2650 mults
473 2588 530 2650 ills
540 2609 609 2650 meo
620 2589 718 2649 divise
728 2597 777 2649 et
787 2588 873 2650 milis
881 2589 977 2669 lecto,

229 2670 235 2678 ’
320 2673 473 2750 Qnsntmn
485 2674 626 2754 Hypanis
635 2674 758 2735 Veneto
771 2672 903 2735 dissidet
911 2673 1060 2752 Eridano,

239 2766 256 2818 5
277 2757 343 2817 Nec
352 2759 428 2817 mihi
439 2756 607 2818 consuetos
613 2754 757 2837 amplexu
770 2760 869 2817 nutrit
881 2775 1000 2819 amores

295 2906 299 2911 ν
319 2841 453 2920 Cynthia
461 2858 522 2901 nec
535 2848 642 2902 nostro
653 2838 753 2900 dulcis
764 2841 797 2901 in
810 2860 883 2902 anre
895 2847 993 2903 sonet.

276 2922 359 2985 Olim
370 2930 474 3005 gratus
485 2942 585 2985 eram:
607 2944 670 2986 non
677 2922 735 2983 illo
746 2930 888 3005 tempore
900 2926 1041 3004 cuiquem

317 3009 467 3088 Contigit,
477 3016 513 3069 ut
525 3006 618 3069 simili
627 3015 735 3088 posset
746 3027 848 3068 nmsre
857 3009 930 3068 fide.

276 3091 413 3151 Invidiae
423 3092 552 3151 inimus:
573 3110 646 3151 num
655 3109 705 3149 me
717 3090 794 3150 deus
805 3091 931 3151 obruit?
953 3109 992 3149 sn
1005 3109 1083 3169 quse

222 3183 256 3235 10
316 3174 413 3235 Lecto
422 3172 618 3233 Prometheis
629 3172 741 3233 dividit
751 3173 848 3233 herbo
858 3174 959 3253 iugis?

275 3256 345 3318 Non
356 3275 422 3316 sum
434 3274 492 3335 ego
505 3258 558 3334 qni
567 3256 703 3316 fueram:
720 3261 818 3315 mutet
827 3258 876 3315 vis
884 3256 978 3335 longo
986 3252 1116 3336 puellos.

316 3340 617 3418 Qnsntninerigno
627 3346 770 3419 tempore
780 3339 861 3417 fugit
871 3340 971 3399 smori

273 3422 362 3485 Nunc
375 3425 508 3504 primum
518 3421 626 3502 longos
637 3422 722 3483 solus
738 3438 926 3501 cognoscere
936 3427 1045 3482 noctes

316 3508 419 3587 Cogor
432 3509 542 3587 etipse
553 3508 630 3567 meis
641 3508 765 3568 turibus
776 3526 845 3567 esse
856 3506 966 3585 grsris,

218 3598 252 3652 15
272 3588 374 3668 Felix,
385 3592 437 3669 qni
448 3592 551 3670 potnit
559 3592 718 3672 praesenti
728 3592 807 3651 flere
816 3586 952 3671 puellse,

313 3675 382 3735 Non
392 3672 472 3735 nihil
483 3677 616 3758 aspersis
626 3674 740 3755 gnudet
748 3676 844 3735 Amor
853 3672 1001 3752 lacrimis,
