2717 4325
487 408 895 479 natumnatum
1126 414 1167 483 37

416 578 509 641 Fama
528 578 717 662 Penelopen.

373 716 514 779 Claudite
535 720 633 798 ostia,
646 720 795 799 virginem

375 802 514 862 Lnaimua
537 804 620 865 aatia.
643 810 690 882 at,
711 806 803 864 bonei

371 887 541 965 Coniuges,
562 889 643 948 bene
662 889 755 948 vivite
776 896 810 948 et

295 978 347 1033 23⁰
368 972 500 1031 Munere
521 971 642 1032 assidue
662 972 814 1032 valentem

413 1056 565 1115 Exercete
587 1057 749 1116 iuventam.

566 1202 766 1215 m

611 1304 719 1370 LXII.

583 1446 743 1497 IUVENES.

254 1509 380 1628 vesper
397 1548 494 1628 adeat,
514 1553 656 1629 invenea,
679 1554 869 1631 consurgite:
891 1552 1012 1631 Veaper
1032 1548 1164 1633 Olympo

252 1632 420 1714 Expectata
440 1634 493 1696 diu
513 1637 562 1697 vix
580 1637 706 1697 tandem
723 1636 838 1700 lumina
856 1634 947 1697 tollit

253 1717 387 1795 Surgere
406 1720 465 1780 iam
484 1726 621 1801 tempus,
641 1722 701 1781 iam
721 1723 851 1802 pinguea
871 1718 1014 1799 linquere
1034 1737 1164 1797 menna,

252 1801 312 1861 lam
329 1804 432 1865 veniet
450 1805 551 1883 virgo,
570 1806 630 1869 iam
650 1805 770 1865 dicetur
790 1806 986 1885 hymenaeus.

212 1942 228 1992 t
289 1931 412 2011 Hymen
434 1951 453 1991 o
474 1932 669 2011 Hymenaee,
695 1932 816 2011 Hymen
837 1931 910 1992 adea
932 1950 950 1991 o
970 1930 1163 2011 Hymenaee!

575 2086 749 2133 matituna.

252 2201 403 2280 Cernitia,
424 2201 586 2282 innuptae,
609 2202 756 2262 inveneri
776 2201 953 2279 conanrgite
973 2209 1096 2274 contra3

250 2285 399 2346 Nimirum
421 2285 553 2347 Oetaeos
575 2285 712 2346 ostendit
729 2286 863 2346 noctifer
884 2285 982 2364 ignea,

252 2369 302 2428 Sic
324 2375 457 2444 certeat3
479 2369 570 2429 viden
591 2378 626 2429 ut
645 2372 817 2450 perniciter
839 2367 999 2428 exiluere?

250 2454 317 2512 Non
338 2458 457 2513 temere
482 2451 638 2532 exiluere,
660 2461 770 2513 canent
792 2473 850 2531 quo
872 2455 973 2512 vicere
993 2471 1049 2532 pur
1069 2459 1126 2512 eat.

191 2589 227 2641 10
287 2579 411 2658 Hymen
431 2597 450 2637 o
472 2579 665 2658 Hymenaee,
688 2579 809 2658 Hymen
827 2576 900 2639 adea
919 2598 938 2638 o
958 2578 1149 2658 Hymenaee!

583 2697 741 2780 munnae.

253 2815 323 2910 Non
344 2850 444 2912 facilia
464 2853 569 2930 nobie,
589 2851 750 2930 aequales,
771 2852 869 2932 palma
889 2861 994 2933 parata
1013 2860 1072 2930 eat,

248 2933 424 3014 Adspicite,
443 2937 588 3015 innuptae
609 2954 712 2997 aecum
730 2944 764 2998 ut
782 2937 927 2997 meditata
947 2939 1118 3016 requirunt.

247 3017 315 3078 Non
330 3020 445 3080 frustra
459 3019 660 3097 meditantur,
675 3022 791 3082 habent
804 3021 1000 3082 memorabile
1016 3016 1097 3099 qnod
1110 3017 1161 3091 ait,

248 3101 312 3162 Nec
328 3106 454 3181 mirum,
476 3105 599 3185 penitus
621 3123 698 3184 qnae
719 3111 784 3164 tota
804 3111 907 3164 mente
926 3103 1078 3165 laborent.

184 3250 219 3304 15
246 3244 308 3303 Noa
330 3241 390 3302 alio
413 3249 549 3320 mentes,
572 3242 633 3304 alio
655 3243 810 3304 divisimus
831 3261 932 3318 aurea,

249 3325 317 3386 lure
338 3328 432 3406 igitur
452 3327 625 3404 vincemur,
646 3335 725 3389 amat
745 3329 881 3398 victoria,
898 3345 1009 3386 curam.

248 3411 349 3485 Quare
367 3430 448 3470 nnnc
469 3413 584 3471 animoa
604 3409 714 3471 saltem
736 3411 906 3471 conmittite
927 3416 1057 3483 veatroa,

246 3493 358 3555 Dicere
378 3495 438 3554 iam
457 3495 622 3576 incipient,
643 3497 704 3554 iam
725 3492 915 3575 respondere
938 3491 1071 3551 decebit.

287 3619 443 3699 Hymeno
464 3620 658 3699 Hymenaee,
679 3620 802 3698 Hymen
822 3618 894 3677 adea
915 3635 932 3674 o
952 3616 1138 3692 Hymenaee.
