2717 4325
495 436 640 501 llBUbLl
659 439 727 499 um.
744 440 793 500 lV.
812 453 836 504 1.
1131 445 1172 508 49

163 612 259 691 lmpia
279 627 339 670 neo
360 610 460 670 saevis
480 607 642 670 celebrans
661 607 799 668 convivia
819 611 934 670 mensis

163 695 280 756 Ultima
299 694 418 754 vicinus
439 694 566 754 Phoebo
585 698 677 753 tenet
700 711 771 753 arva
791 692 947 755 Padaeus:
1123 705 1174 759 145
1285 749 1286 754 ,

164 780 292 858 Quaque
313 778 437 838 Hebrus
460 777 633 855 'lunataque
653 777 750 838 Getas
771 776 852 855 rigat
874 785 965 858 atque
987 779 1149 860 Magynos,

164 862 246 939 Quid
267 861 396 922 moror?
413 861 555 922 Oceanus
576 867 673 942 ponto
698 879 758 941 qua
778 863 919 924 continet
935 864 1060 941 orbem,

163 944 257 1005 Nulla
276 946 333 1006 tibi
356 943 493 1006 adversis
515 946 602 1024 regio
625 964 697 1006 sese
719 945 833 1006 offeret
855 948 955 1008 armis.

165 1030 213 1089 Te
234 1035 337 1090 manet
358 1030 489 1090 invictus
510 1029 648 1090 Romano
671 1029 775 1091 Marte
800 1031 962 1091 Britannus

165 1113 275 1193 Teque
296 1114 463 1174 interiecto
484 1113 589 1174 mnndi
613 1132 685 1192 pars
707 1110 805 1174 altera
825 1113 901 1176 sole.
1126 1127 1175 1180 150

163 1197 240 1257 Nam
262 1198 447 1259 circumfuso
467 1197 610 1257 consistit
629 1198 661 1254 ln
685 1214 758 1256 aere
779 1195 875 1258 tellus

163 1282 206 1341 lit
228 1283 364 1360 quinque
384 1283 418 1340 in
438 1287 544 1361 partes
566 1285 634 1340 toto
656 1279 831 1361 disponitur
854 1284 940 1342 orbe.

164 1364 268 1442 Atque
291 1362 369 1424 duae
391 1363 493 1442 gelido
512 1369 671 1424 vastantur
693 1365 811 1442 frigore
833 1382 972 1445 semper:

164 1446 231 1507 lllio
253 1454 286 1508 et
302 1446 404 1507 ¹densa
424 1444 519 1508 tellus
542 1446 749 1509 absconditur·
763 1450 887 1527 umbra,

164 1532 206 1593 Et
226 1529 313 1591 nnlla
333 1532 459 1612 incepto
479 1530 654 1611 perlabitur
666 1531 758 1593 unda
777 1531 920 1612 liquore,
1126 1545 1176 1596 155

165 1615 229 1676 Sed
250 1615 360 1676 durata
380 1617 463 1694 riget
485 1614 609 1676 densam
630 1617 664 1675 in
686 1615 880 1696 glaciemque
902 1617 1082 1697 niuemque,

165 1700 287 1781 Quippe
309 1699 362 1761 ubi
384 1718 600 1779 nonunquam
622 1699 717 1760 Titan
734 1719 828 1781 snper
850 1702 953 1779 egerit
975 1707 1070 1762 ortus.

165 1784 207 1843 At
228 1782 330 1844 media
351 1790 401 1844 est
417 1784 542 1845 'Phoebi
564 1803 689 1864 semper
709 1786 848 1846 subiecta
871 1783 985 1862 calori,

167 1868 229 1927 Seu
247 1867 375 1947 propior
396 1869 491 1928 terris
512 1870 661 1929 aestivum
680 1869 783 1929 fertur
802 1869 836 1928 in
857 1871 965 1929 orbem

167 1951 230 2036 §eu
249 1948 336 2010 celer
357 1951 503 2011 hibernas
523 1958 674 2032 properat
695 1950 865 2012 decurrere
887 1951 990 2012 luces:
1126 1962 1177 2016 150

166 2035 234 2094 Non
256 2035 352 2112 igitur
370 2051 479 2115 presso
500 2031 597 2094 tellus
618 2037 742 2112 exurgit
764 2040 884 2116 aratro,

165 2118 231 2179 Nec
253 2118 376 2197 frugem
397 2123 519 2197 segetes
542 2119 695 2199 praebent
714 2137 773 2179 neo
796 2118 908 2199 pabula
928 2126 1050 2181 terrae:

167 2204 235 2263 Non
255 2200 323 2263 illio
342 2200 417 2263 colit
437 2223 508 2264 arva
528 2201 620 2280 deus,
642 2204 819 2264 Bacchusue
841 2204 993 2281 Ceresue,

165 2286 255 2347 Nulla
277 2305 336 2345 nec
359 2293 481 2347 exustas
501 2286 642 2349 habitant
663 2285 807 2347 animalia
824 2293 940 2368 partes.

166 2370 296 2431 Fertilis
318 2369 396 2429 hanc
417 2371 502 2430 inter
524 2372 626 2451 posita
648 2377 698 2431 est
718 2372 865 2450 interque
886 2373 1025 2450 rigentes
1126 2380 1176 2435 165

165 2454 342 2533 Nostraque
364 2460 402 2515 et·
417 2453 490 2514 huic
512 2453 641 2515 adversa
663 2452 730 2515 solo
752 2474 824 2535 pars
846 2454 945 2516 altera
965 2460 1091 2532 nostro,

167 2540 248 2614 Quas
268 2536 377 2599 similis
398 2539 546 2617 utrinque
565 2544 677 2599 tenens
698 2540 809 2599 vicinia
831 2538 909 2600 caeli

72 2669 73 2684 t
168 2623 354 2702 Temperat,
377 2620 458 2681 ulter
479 2628 512 2681 et
532 2620 660 2682 alterius
681 2625 764 2683 vires
788 2630 878 2683 necat
900 2642 969 2683 aer:

166 2707 247 2766 llino
268 2703 408 2786 placidus
429 2706 519 2766 nobis
541 2725 599 2785 per
620 2712 761 2786 tempora
783 2708 916 2768 vertitur
937 2725 1049 2767 annus:

166 2792 226 2850 llic
249 2796 282 2849 et
300 2786 379 2850 colla
399 2790 472 2868 lngo
494 2787 605 2851 didicit
625 2791 818 2851 summittere
840 2798 945 2852 taurus
1127 2800 1178 2855 170

166 2876 207 2933 Et
225 2871 314 2934 lenta
334 2870 476 2935 excelsos
496 2874 568 2935 vitis
590 2872 803 2935 conscendere
823 2894 940 2953 ramos,

167 2955 394 3037 Tondetnrque
416 2976 506 3037 seges
526 2965 663 3020 maturos
685 2977 785 3019 annua
805 2966 929 3040 partus,

165 3042 208 3101 Et
228 3040 315 3101 ferro
338 3041 451 3120 tellus,
473 3048 588 3122 pontus
611 3040 800 3103 confinditur
824 3061 913 3121 aere,
1016 3058 1018 3062 ’

166 3126 249 3203 Quin
270 3126 363 3187 etiam
384 3127 513 3187 structis
534 3132 688 3204 exurgunt
708 3124 822 3208 oppida
842 3127 948 3187 muris,

165 3210 267 3289 Ergo,
286 3210 340 3270 ubi
359 3206 540 3290 praeclaros
561 3207 695 3269 tulerint
715 3216 767 3271 tua
788 3210 871 3271 lacta
891 3211 1081 3290 triumphos,
1126 3216 1177 3272 175

166 3292 259 3354 Solus
281 3298 415 3373 utroque
433 3290 518 3354 idem
540 3291 655 3354 diceris
676 3310 803 3373 magnus
825 3295 859 3355 in
880 3296 966 3356 orbe.

206 3378 277 3440 Non
300 3396 357 3458 ego
376 3398 443 3439 sum
464 3376 538 3437 satis
561 3374 600 3436 ad
620 3383 725 3444 tantae
746 3380 912 3459 praeconia
934 3374 1050 3455 laudis,

164 3464 235 3543 lpse
260 3463 337 3523 mibi
358 3482 421 3523 non
443 3463 470 3522 si
489 3462 683 3541 praescrbiat
705 3464 839 3523 carmina
860 3462 1014 3522 Phoebus.
1070 3473 1073 3477 ’

164 3547 223 3607 Est
240 3547 314 3624 tibi,
338 3547 391 3625 qni
411 3547 512 3626 possit
533 3545 650 3623 magnis
671 3565 705 3607 se
727 3548 890 3624 accingere
912 3546 1023 3621 rebus,

165 3629 307 3709 Valgius:
330 3635 459 3691 aeterno
481 3630 610 3710 propior
630 3648 693 3689 non
717 3630 796 3691 alter
817 3630 964 3690 Homero.
1127 3634 1177 3690 180

165 3712 323 3793 Languida
342 3732 404 3775 non
425 3719 535 3775 noster
555 3714 678 3795 peragit
699 3711 790 3775 labor
812 3714 892 3791 otia,
914 3711 1048 3792 quamvis

208 3817 345 3858 arnustus.
942 3797 961 3857 4
