<?xml version="1.0" encoding="UTF-8"?>
<!DOCTYPE html PUBLIC "-//W3C//DTD XHTML 1.0 Transitional//EN"
    "http://www.w3.org/TR/xhtml1/DTD/xhtml1-transitional.dtd">
<html xmlns="http://www.w3.org/1999/xhtml" xml:lang="en" lang="en">
 <head>
  <title>
</title>
<meta http-equiv="Content-Type" content="text/html;charset=utf-8" />
  <meta name='ocr-system' content='tesseract 3.04.00' />
  <meta name='ocr-capabilities' content='ocr_page ocr_carea ocr_par ocr_line ocrx_word'/>
</head>
<body>
  <div class='ocr_page' id='page_1' title='image "./qvaleriicatulli00rossgoog_0131.png"; bbox 0 0 2717 4325; ppageno 0'>
   <div class='ocr_carea' id='block_1_1' title="bbox 464 328 892 391">
    <p class='ocr_par' dir='ltr' id='par_1_1' title="bbox 464 328 892 391">
     <span class='ocr_line' id='line_1_1' title="bbox 464 328 892 391; baseline 0.005 -2"><span class='ocrx_word' id='word_1_1' title='bbox 464 328 609 390; x_wconf 85' lang='lat' dir='ltr'>TlBULLI</span> <span class='ocrx_word' id='word_1_2' title='bbox 630 328 696 388; x_wconf 88' lang='lat' dir='ltr'><strong>LlB</strong></span> <span class='ocrx_word' id='word_1_3' title='bbox 704 329 736 388; x_wconf 72' lang='lat' dir='ltr'><strong>i.</strong></span> <span class='ocrx_word' id='word_1_4' title='bbox 753 339 794 391; x_wconf 87' lang='grc'><strong>10</strong></span> <span class='ocrx_word' id='word_1_5' title='bbox 815 328 850 388; x_wconf 87' lang='grc' dir='ltr'><strong>ΙΙ.</strong></span> <span class='ocrx_word' id='word_1_6' title='bbox 868 341 892 391; x_wconf 92' lang='grc'><strong>1.</strong></span> 
     </span>
    </p>
   </div>
   <div class='ocr_carea' id='block_1_2' title="bbox 130 496 1181 1924">
    <p class='ocr_par' dir='ltr' id='par_1_2' title="bbox 218 496 930 580">
     <span class='ocr_line' id='line_1_2' title="bbox 218 496 930 580; baseline -0.006 -18"><span class='ocrx_word' id='word_1_7' title='bbox 218 501 354 562; x_wconf 80' lang='lat' dir='ltr'><strong>Uxorem</strong></span> <span class='ocrx_word' id='word_1_8' title='bbox 373 496 513 580; x_wconf 80' lang='lat' dir='ltr'><strong>plaustro</strong></span> <span class='ocrx_word' id='word_1_9' title='bbox 534 499 776 578; x_wconf 81' lang='lat' dir='ltr'><strong>progeniemque</strong></span> <span class='ocrx_word' id='word_1_10' title='bbox 799 496 930 558; x_wconf 91' lang='lat' dir='ltr'><strong>domum.</strong></span> 
     </span>
    </p>

    <p class='ocr_par' dir='ltr' id='par_1_3' title="bbox 177 579 1075 747">
     <span class='ocr_line' id='line_1_3' title="bbox 177 579 1075 664; baseline -0.001 -19"><span class='ocrx_word' id='word_1_11' title='bbox 177 582 240 645; x_wconf 87' lang='lat' dir='ltr'><strong>Sed</strong></span> <span class='ocrx_word' id='word_1_12' title='bbox 261 583 395 645; x_wconf 82' lang='lat' dir='ltr'><strong>Veneria</strong></span> <span class='ocrx_word' id='word_1_13' title='bbox 412 587 485 641; x_wconf 87' lang='lat' dir='ltr'><strong>tunc</strong></span> <span class='ocrx_word' id='word_1_14' title='bbox 506 580 590 642; x_wconf 90' lang='lat' dir='ltr'><strong>bella</strong></span> <span class='ocrx_word' id='word_1_15' title='bbox 610 579 729 659; x_wconf 83' lang='lat' dir='ltr'><strong>calent,</strong></span> <span class='ocrx_word' id='word_1_16' title='bbox 751 583 924 662; x_wconf 74' lang='lat' dir='ltr'><strong>scissosque</strong></span> <span class='ocrx_word' id='word_1_17' title='bbox 947 579 1075 664; x_wconf 78' lang='lat' dir='ltr'><strong>capilloa</strong></span> 
     </span>
     <span class='ocr_line' id='line_1_4' title="bbox 216 665 941 747; baseline -0.003 -19"><span class='ocrx_word' id='word_1_18' title='bbox 216 668 345 728; x_wconf 83' lang='lat' dir='ltr'><strong>Femina</strong></span> <span class='ocrx_word' id='word_1_19' title='bbox 363 665 535 747; x_wconf 82' lang='lat' dir='ltr'><strong>perfractas</strong></span> <span class='ocrx_word' id='word_1_20' title='bbox 558 667 819 746; x_wconf 83' lang='lat' dir='ltr'><strong>conqueriturque</strong></span> <span class='ocrx_word' id='word_1_21' title='bbox 840 667 941 727; x_wconf 70' lang='lat' dir='ltr'><strong>iores:</strong></span> 
     </span>
    </p>

    <p class='ocr_par' dir='ltr' id='par_1_4' title="bbox 176 749 1180 896">
     <span class='ocr_line' id='line_1_5' title="bbox 176 749 1180 831; baseline 0.002 -18"><span class='ocrx_word' id='word_1_22' title='bbox 176 751 247 813; x_wconf 77' lang='lat' dir='ltr'><strong>Flet</strong></span> <span class='ocrx_word' id='word_1_23' title='bbox 265 758 389 811; x_wconf 79' lang='lat' dir='ltr'><strong>teneras</strong></span> <span class='ocrx_word' id='word_1_24' title='bbox 409 750 534 810; x_wconf 79' lang='lat' dir='ltr'><strong>subtura</strong></span> <span class='ocrx_word' id='word_1_25' title='bbox 556 768 666 830; x_wconf 85' lang='lat' dir='ltr'><strong>genas,</strong></span> <span class='ocrx_word' id='word_1_26' title='bbox 688 749 744 811; x_wconf 83' lang='lat' dir='ltr'><strong>sed</strong></span> <span class='ocrx_word' id='word_1_27' title='bbox 765 751 864 811; x_wconf 80' lang='lat' dir='ltr'><strong>victor</strong></span> <span class='ocrx_word' id='word_1_28' title='bbox 886 752 1005 831; x_wconf 82' lang='lat' dir='ltr'><strong>etipse</strong></span> <span class='ocrx_word' id='word_1_29' title='bbox 1145 761 1180 816; x_wconf 73' lang='lat' dir='ltr'><strong>to</strong></span> 
     </span>
     <span class='ocr_line' id='line_1_6' title="bbox 218 833 920 897; baseline -0.001 -1"><span class='ocrx_word' id='word_1_30' title='bbox 218 835 291 896; x_wconf 83' lang='lat' dir='ltr'><strong>Flet</strong></span> <span class='ocrx_word' id='word_1_31' title='bbox 313 834 371 895; x_wconf 83' lang='lat' dir='ltr'><strong>sibi</strong></span> <span class='ocrx_word' id='word_1_32' title='bbox 390 833 550 895; x_wconf 85' lang='lat' dir='ltr'><strong>dementer</strong></span> <span class='ocrx_word' id='word_1_33' title='bbox 570 840 632 894; x_wconf 85' lang='lat' dir='ltr'><strong>tam</strong></span> <span class='ocrx_word' id='word_1_34' title='bbox 651 833 782 894; x_wconf 76' lang='lat' dir='ltr'><strong>valuisse</strong></span> <span class='ocrx_word' id='word_1_35' title='bbox 805 855 920 897; x_wconf 83' lang='lat' dir='ltr'><strong>manus.</strong></span> 
     </span>
    </p>

    <p class='ocr_par' dir='ltr' id='par_1_5' title="bbox 175 916 994 996">
     <span class='ocr_line' id='line_1_7' title="bbox 175 916 994 996; baseline -0.002 -16"><span class='ocrx_word' id='word_1_36' title='bbox 175 922 217 981; x_wconf 83' lang='lat' dir='ltr'><strong>At</strong></span> <span class='ocrx_word' id='word_1_37' title='bbox 236 917 366 979; x_wconf 77' lang='lat' dir='ltr'><strong>lascivus</strong></span> <span class='ocrx_word' id='word_1_38' title='bbox 389 916 482 979; x_wconf 78' lang='lat' dir='ltr'><strong>Amor</strong></span> <span class='ocrx_word' id='word_1_39' title='bbox 504 920 589 978; x_wconf 81' lang='lat' dir='ltr'><strong>rixae</strong></span> <span class='ocrx_word' id='word_1_40' title='bbox 610 917 690 979; x_wconf 86' lang='lat' dir='ltr'><strong>mala</strong></span> <span class='ocrx_word' id='word_1_41' title='bbox 709 919 803 980; x_wconf 88' lang='lat' dir='ltr'><strong>verba</strong></span> <span class='ocrx_word' id='word_1_42' title='bbox 823 921 994 996; x_wconf 84' lang='lat' dir='ltr'><strong>ministrat,</strong></span> 
     </span>
    </p>

    <p class='ocr_par' dir='ltr' id='par_1_6' title="bbox 130 1002 913 1082">
     <span class='ocr_line' id='line_1_8' title="bbox 130 1002 913 1082; baseline 0 -18"><span class='ocrx_word' id='word_1_43' title='bbox 130 1064 135 1072; x_wconf 82' lang='grc'><strong>,</strong></span> <span class='ocrx_word' id='word_1_44' title='bbox 217 1005 302 1065; x_wconf 85' lang='lat' dir='ltr'><strong>Inter</strong></span> <span class='ocrx_word' id='word_1_45' title='bbox 323 1009 357 1064; x_wconf 94' lang='lat' dir='ltr'><strong>et</strong></span> <span class='ocrx_word' id='word_1_46' title='bbox 376 1005 487 1064; x_wconf 89' lang='lat' dir='ltr'><strong>iratum</strong></span> <span class='ocrx_word' id='word_1_47' title='bbox 506 1002 610 1063; x_wconf 83' lang='lat' dir='ltr'><strong>lentus</strong></span> <span class='ocrx_word' id='word_1_48' title='bbox 632 1010 795 1082; x_wconf 90' lang='lat' dir='ltr'><strong>utrumque</strong></span> <span class='ocrx_word' id='word_1_49' title='bbox 815 1002 913 1065; x_wconf 84' lang='lat' dir='ltr'><strong>redet.</strong></span> 
     </span>
    </p>

    <p class='ocr_par' dir='ltr' id='par_1_7' title="bbox 177 1086 1181 1251">
     <span class='ocr_line' id='line_1_9' title="bbox 177 1086 1068 1168; baseline 0 -20"><span class='ocrx_word' id='word_1_50' title='bbox 177 1089 226 1148; x_wconf 87' lang='lat' dir='ltr'><strong>Ah</strong></span> <span class='ocrx_word' id='word_1_51' title='bbox 247 1086 326 1168; x_wconf 75' lang='lat' dir='ltr'><strong>lapis</strong></span> <span class='ocrx_word' id='word_1_52' title='bbox 348 1093 397 1148; x_wconf 82' lang='lat' dir='ltr'><strong>eut</strong></span> <span class='ocrx_word' id='word_1_53' title='bbox 417 1087 612 1165; x_wconf 81' lang='lat' dir='ltr'><strong>ferrumque,</strong></span> <span class='ocrx_word' id='word_1_54' title='bbox 634 1107 717 1147; x_wconf 82' lang='lat' dir='ltr'><strong>auam</strong></span> <span class='ocrx_word' id='word_1_55' title='bbox 740 1088 912 1168; x_wconf 81' lang='lat' dir='ltr'><strong>quicunque</strong></span> <span class='ocrx_word' id='word_1_56' title='bbox 933 1086 1068 1168; x_wconf 86' lang='lat' dir='ltr'><strong>puellam</strong></span> 
     </span>
     <span class='ocr_line' id='line_1_10' title="bbox 218 1167 1181 1251; baseline 0.001 -18"><span class='ocrx_word' id='word_1_57' title='bbox 218 1172 389 1233; x_wconf 90' lang='lat' dir='ltr'><strong>Verberat·</strong></span> <span class='ocrx_word' id='word_1_58' title='bbox 411 1170 536 1231; x_wconf 89' lang='lat' dir='ltr'><strong>ecaelo</strong></span> <span class='ocrx_word' id='word_1_59' title='bbox 559 1167 675 1251; x_wconf 84' lang='lat' dir='ltr'><strong>deripit</strong></span> <span class='ocrx_word' id='word_1_60' title='bbox 694 1169 751 1230; x_wconf 90' lang='lat' dir='ltr'><strong>ille</strong></span> <span class='ocrx_word' id='word_1_61' title='bbox 769 1169 853 1231; x_wconf 78' lang='lat' dir='ltr'><strong>deor.</strong></span> <span class='ocrx_word' id='word_1_62' title='bbox 1143 1178 1181 1234; x_wconf 79' lang='grc'><strong>60</strong></span> 
     </span>
    </p>

    <p class='ocr_par' dir='ltr' id='par_1_8' title="bbox 177 1252 1052 1416">
     <span class='ocr_line' id='line_1_11' title="bbox 177 1252 1052 1334; baseline -0.002 -18"><span class='ocrx_word' id='word_1_63' title='bbox 177 1256 225 1316; x_wconf 86' lang='lat' dir='ltr'><strong>Sit</strong></span> <span class='ocrx_word' id='word_1_64' title='bbox 246 1257 320 1316; x_wconf 80' lang='lat' dir='ltr'><strong>ratio</strong></span> <span class='ocrx_word' id='word_1_65' title='bbox 342 1274 360 1316; x_wconf 90' lang='lat' dir='ltr'><strong>e</strong></span> <span class='ocrx_word' id='word_1_66' title='bbox 381 1256 527 1316; x_wconf 78' lang='lat' dir='ltr'><strong>membris</strong></span> <span class='ocrx_word' id='word_1_67' title='bbox 548 1261 673 1314; x_wconf 85' lang='lat' dir='ltr'><strong>tenuem</strong></span> <span class='ocrx_word' id='word_1_68' title='bbox 695 1252 897 1334; x_wconf 76' lang='lat' dir='ltr'><strong>perscindere</strong></span> <span class='ocrx_word' id='word_1_69' title='bbox 920 1261 1052 1333; x_wconf 86' lang='lat' dir='ltr'><strong>vestem,</strong></span> 
     </span>
     <span class='ocr_line' id='line_1_12' title="bbox 219 1336 847 1416; baseline 0 -18"><span class='ocrx_word' id='word_1_70' title='bbox 219 1339 267 1399; x_wconf 90' lang='lat' dir='ltr'><strong>Sit</strong></span> <span class='ocrx_word' id='word_1_71' title='bbox 287 1340 361 1399; x_wconf 80' lang='lat' dir='ltr'><strong>satia</strong></span> <span class='ocrx_word' id='word_1_72' title='bbox 381 1345 506 1398; x_wconf 83' lang='lat' dir='ltr'><strong>ornatus</strong></span> <span class='ocrx_word' id='word_1_73' title='bbox 526 1336 705 1400; x_wconf 76' lang='lat' dir='ltr'><strong>dissoluisse</strong></span> <span class='ocrx_word' id='word_1_74' title='bbox 728 1357 847 1416; x_wconf 83' lang='lat' dir='ltr'><strong>comae,</strong></span> 
     </span>
    </p>

    <p class='ocr_par' dir='ltr' id='par_1_9' title="bbox 178 1421 988 1587">
     <span class='ocr_line' id='line_1_13' title="bbox 178 1421 988 1503; baseline -0.001 -20"><span class='ocrx_word' id='word_1_75' title='bbox 178 1423 226 1483; x_wconf 87' lang='lat' dir='ltr'><strong>Sit</strong></span> <span class='ocrx_word' id='word_1_76' title='bbox 245 1421 386 1483; x_wconf 80' lang='lat' dir='ltr'><strong>lacrimas</strong></span> <span class='ocrx_word' id='word_1_77' title='bbox 406 1423 535 1483; x_wconf 79' lang='lat' dir='ltr'><strong>moriare</strong></span> <span class='ocrx_word' id='word_1_78' title='bbox 558 1424 647 1484; x_wconf 80' lang='lat' dir='ltr'><strong>satio.</strong></span> <span class='ocrx_word' id='word_1_79' title='bbox 670 1428 780 1503; x_wconf 79' lang='lat' dir='ltr'><strong>quater</strong></span> <span class='ocrx_word' id='word_1_80' title='bbox 802 1421 858 1482; x_wconf 89' lang='lat' dir='ltr'><strong>ille</strong></span> <span class='ocrx_word' id='word_1_81' title='bbox 881 1424 988 1484; x_wconf 88' lang='lat' dir='ltr'><strong>beatus</strong></span> 
     </span>
     <span class='ocr_line' id='line_1_14' title="bbox 220 1505 873 1587; baseline 0.002 -22"><span class='ocrx_word' id='word_1_82' title='bbox 220 1507 285 1582; x_wconf 79' lang='lat' dir='ltr'><strong>Quo</strong></span> <span class='ocrx_word' id='word_1_83' title='bbox 307 1512 417 1567; x_wconf 84' lang='lat' dir='ltr'><strong>tenera</strong></span> <span class='ocrx_word' id='word_1_84' title='bbox 436 1509 516 1568; x_wconf 86' lang='lat' dir='ltr'><strong>irato</strong></span> <span class='ocrx_word' id='word_1_85' title='bbox 538 1508 616 1567; x_wconf 86' lang='lat' dir='ltr'><strong>flere</strong></span> <span class='ocrx_word' id='word_1_86' title='bbox 636 1505 740 1586; x_wconf 88' lang='lat' dir='ltr'><strong>puella</strong></span> <span class='ocrx_word' id='word_1_87' title='bbox 759 1513 873 1587; x_wconf 82' lang='lat' dir='ltr'><strong>potest.</strong></span> 
     </span>
    </p>

    <p class='ocr_par' dir='ltr' id='par_1_10' title="bbox 176 1590 1180 1756">
     <span class='ocr_line' id='line_1_15' title="bbox 176 1590 1180 1672; baseline 0.002 -22"><span class='ocrx_word' id='word_1_88' title='bbox 176 1590 239 1651; x_wconf 87' lang='lat' dir='ltr'><strong>Sed</strong></span> <span class='ocrx_word' id='word_1_89' title='bbox 260 1593 398 1652; x_wconf 82' lang='lat' dir='ltr'><strong>manibur</strong></span> <span class='ocrx_word' id='word_1_90' title='bbox 422 1593 474 1672; x_wconf 90' lang='lat' dir='ltr'><strong>qui</strong></span> <span class='ocrx_word' id='word_1_91' title='bbox 496 1610 602 1652; x_wconf 80' lang='lat' dir='ltr'><strong>saevus</strong></span> <span class='ocrx_word' id='word_1_92' title='bbox 622 1593 698 1668; x_wconf 83' lang='lat' dir='ltr'><strong>erit,</strong></span> <span class='ocrx_word' id='word_1_93' title='bbox 721 1598 902 1670; x_wconf 82' lang='lat' dir='ltr'><strong>scutumque</strong></span> <span class='ocrx_word' id='word_1_94' title='bbox 924 1591 1092 1670; x_wconf 78' lang='lat' dir='ltr'><strong>sudemque</strong></span> <span class='ocrx_word' id='word_1_95' title='bbox 1145 1596 1180 1652; x_wconf 76' lang='lat'><strong>65</strong></span> 
     </span>
     <span class='ocr_line' id='line_1_16' title="bbox 217 1674 886 1756; baseline 0.003 -23"><span class='ocrx_word' id='word_1_96' title='bbox 217 1674 245 1734; x_wconf 79' lang='lat' dir='ltr'><strong>la</strong></span> <span class='ocrx_word' id='word_1_97' title='bbox 268 1681 357 1753; x_wconf 83' lang='lat' dir='ltr'><strong>gerat</strong></span> <span class='ocrx_word' id='word_1_98' title='bbox 377 1681 410 1735; x_wconf 92' lang='lat' dir='ltr'><strong>et</strong></span> <span class='ocrx_word' id='word_1_99' title='bbox 431 1677 499 1736; x_wconf 90' lang='lat' dir='ltr'><strong>miti</strong></span> <span class='ocrx_word' id='word_1_100' title='bbox 520 1678 562 1736; x_wconf 84' lang='lat' dir='ltr'><strong>ait</strong></span> <span class='ocrx_word' id='word_1_101' title='bbox 582 1675 691 1756; x_wconf 90' lang='lat' dir='ltr'><strong>procul</strong></span> <span class='ocrx_word' id='word_1_102' title='bbox 713 1696 730 1734; x_wconf 90' lang='lat' dir='ltr'><strong>a</strong></span> <span class='ocrx_word' id='word_1_103' title='bbox 752 1675 886 1737; x_wconf 89' lang='lat' dir='ltr'><strong>Venere.</strong></span> 
     </span>
    </p>

    <p class='ocr_par' dir='ltr' id='par_1_11' title="bbox 176 1759 977 1924">
     <span class='ocr_line' id='line_1_17' title="bbox 176 1759 977 1841; baseline 0.002 -25"><span class='ocrx_word' id='word_1_104' title='bbox 176 1759 219 1817; x_wconf 83' lang='lat' dir='ltr'><strong>At</strong></span> <span class='ocrx_word' id='word_1_105' title='bbox 238 1760 343 1837; x_wconf 80' lang='lat' dir='ltr'><strong>nobis,</strong></span> <span class='ocrx_word' id='word_1_106' title='bbox 365 1759 428 1820; x_wconf 83' lang='lat' dir='ltr'><strong>Pax</strong></span> <span class='ocrx_word' id='word_1_107' title='bbox 447 1759 544 1838; x_wconf 88' lang='lat' dir='ltr'><strong>alma,</strong></span> <span class='ocrx_word' id='word_1_108' title='bbox 566 1762 636 1820; x_wconf 88' lang='lat' dir='ltr'><strong>veni</strong></span> <span class='ocrx_word' id='word_1_109' title='bbox 658 1761 834 1841; x_wconf 72' lang='lat' dir='ltr'><strong>spiramque</strong></span> <span class='ocrx_word' id='word_1_110' title='bbox 854 1765 977 1838; x_wconf 88' lang='lat' dir='ltr'><strong>teneto,</strong></span> 
     </span>
     <span class='ocr_line' id='line_1_18' title="bbox 219 1843 898 1924; baseline 0.001 -22"><span class='ocrx_word' id='word_1_111' title='bbox 219 1843 356 1903; x_wconf 84' lang='lat' dir='ltr'><strong>Perfluat</strong></span> <span class='ocrx_word' id='word_1_112' title='bbox 377 1851 410 1904; x_wconf 88' lang='lat' dir='ltr'><strong>et</strong></span> <span class='ocrx_word' id='word_1_113' title='bbox 431 1845 528 1924; x_wconf 84' lang='lat' dir='ltr'><strong>pomis</strong></span> <span class='ocrx_word' id='word_1_114' title='bbox 551 1843 697 1904; x_wconf 87' lang='lat' dir='ltr'><strong>candidus</strong></span> <span class='ocrx_word' id='word_1_115' title='bbox 718 1850 788 1903; x_wconf 88' lang='lat' dir='ltr'><strong>ante</strong></span> <span class='ocrx_word' id='word_1_116' title='bbox 806 1845 898 1903; x_wconf 89' lang='lat' dir='ltr'><strong>sinus.</strong></span> 
     </span>
    </p>
   </div>
   <div class='ocr_carea' id='block_1_3' title="bbox 540 2137 818 2146">
    <p class='ocr_par' dir='ltr' id='par_1_12' title="bbox 540 2137 818 2146">
     <span class='ocr_line' id='line_1_19' title="bbox 540 2137 818 2146; baseline -0.007 0"><span class='ocrx_word' id='word_1_117' title='bbox 540 2137 818 2146; x_wconf 54' lang='lat' dir='ltr'><strong>mm--o-a</strong></span> 
     </span>
    </p>
   </div>
   <div class='ocr_carea' id='block_1_4' title="bbox 305 2463 1048 2567">
    <p class='ocr_par' dir='ltr' id='par_1_13' title="bbox 305 2463 1048 2567">
     <span class='ocr_line' id='line_1_20' title="bbox 305 2463 1048 2567; baseline -0.003 0"><span class='ocrx_word' id='word_1_118' title='bbox 305 2466 579 2567; x_wconf 87' lang='lat' dir='ltr'><strong>ALBII</strong></span> <span class='ocrx_word' id='word_1_119' title='bbox 647 2463 1048 2565; x_wconf 84' lang='lat' dir='ltr'>TIBULLI</span> 
     </span>
    </p>
   </div>
   <div class='ocr_carea' id='block_1_5' title="bbox 473 2662 881 2729">
    <p class='ocr_par' dir='ltr' id='par_1_14' title="bbox 473 2662 881 2729">
     <span class='ocr_line' id='line_1_21' title="bbox 473 2662 881 2729; baseline -0.002 -1"><span class='ocrx_word' id='word_1_120' title='bbox 473 2666 610 2729; x_wconf 84' lang='lat' dir='ltr'>LIBER</span> <span class='ocrx_word' id='word_1_121' title='bbox 632 2662 881 2729; x_wconf 80' lang='lat' dir='ltr'><strong>SECUNDUS.</strong></span> 
     </span>
    </p>
   </div>
   <div class='ocr_carea' id='block_1_6' title="bbox 575 2810 777 2819">
    <p class='ocr_par' dir='ltr' id='par_1_15' title="bbox 575 2810 777 2819">
     <span class='ocr_line' id='line_1_22' title="bbox 575 2810 777 2819; baseline 0.01 -3"><span class='ocrx_word' id='word_1_122' title='bbox 575 2810 777 2819; x_wconf 74' lang='lat'>—.-.—.-.-</span> 
     </span>
    </p>
   </div>
   <div class='ocr_carea' id='block_1_7' title="bbox 664 2900 691 2971">
    <p class='ocr_par' dir='ltr' id='par_1_16' title="bbox 664 2900 691 2971">
     <span class='ocr_line' id='line_1_23' title="bbox 664 2900 691 2971; baseline -0.37 1"><span class='ocrx_word' id='word_1_123' title='bbox 664 2900 691 2971; x_wconf 83' lang='grc' dir='ltr'><strong>Ι.</strong></span> 
     </span>
    </p>
   </div>
   <div class='ocr_carea' id='block_1_8' title="bbox 176 2984 1190 3683">
    <p class='ocr_par' dir='ltr' id='par_1_17' title="bbox 176 2984 1190 3683">
     <span class='ocr_line' id='line_1_24' title="bbox 176 2984 1190 3097; baseline -0.004 -18"><span class='ocrx_word' id='word_1_124' title='bbox 176 2984 327 3095; x_wconf 58' lang='lat' dir='ltr'><strong>Quisquis</strong></span> <span class='ocrx_word' id='word_1_125' title='bbox 350 3017 453 3097; x_wconf 77' lang='lat' dir='ltr'><strong>adest,</strong></span> <span class='ocrx_word' id='word_1_126' title='bbox 474 3016 588 3078; x_wconf 79' lang='lat' dir='ltr'><strong>valeat:</strong></span> <span class='ocrx_word' id='word_1_127' title='bbox 609 3018 715 3095; x_wconf 82' lang='lat' dir='ltr'><strong>fruger</strong></span> <span class='ocrx_word' id='word_1_128' title='bbox 736 3016 901 3077; x_wconf 82' lang='lat' dir='ltr'><strong>lustramus</strong></span> <span class='ocrx_word' id='word_1_129' title='bbox 922 3023 955 3078; x_wconf 93' lang='lat' dir='ltr'><strong>et</strong></span> <span class='ocrx_word' id='word_1_130' title='bbox 976 3036 1081 3095; x_wconf 77' lang='lat' dir='ltr'><strong>agros,</strong></span> <span class='ocrx_word' id='word_1_131' title='bbox 1187 3068 1190 3075; x_wconf 30' lang='lat' dir='ltr'><strong>r</strong></span> 
     </span>
     <span class='ocr_line' id='line_1_25' title="bbox 217 3100 865 3182; baseline -0.002 -21"><span class='ocrx_word' id='word_1_132' title='bbox 217 3102 306 3161; x_wconf 80' lang='lat' dir='ltr'><strong>Ritus</strong></span> <span class='ocrx_word' id='word_1_133' title='bbox 325 3110 358 3163; x_wconf 91' lang='lat' dir='ltr'><strong>ut</strong></span> <span class='ocrx_word' id='word_1_134' title='bbox 380 3123 396 3162; x_wconf 89' lang='lat' dir='ltr'><strong>a</strong></span> <span class='ocrx_word' id='word_1_135' title='bbox 418 3104 520 3182; x_wconf 86' lang='lat' dir='ltr'><strong>prisco</strong></span> <span class='ocrx_word' id='word_1_136' title='bbox 542 3100 673 3161; x_wconf 79' lang='lat' dir='ltr'><strong>traditus</strong></span> <span class='ocrx_word' id='word_1_137' title='bbox 697 3107 781 3161; x_wconf 87' lang='lat' dir='ltr'><strong>extat</strong></span> <span class='ocrx_word' id='word_1_138' title='bbox 802 3120 865 3161; x_wconf 88' lang='lat' dir='ltr'><strong>avo.</strong></span> 
     </span>
     <span class='ocr_line' id='line_1_26' title="bbox 177 3183 973 3264; baseline -0.003 -20"><span class='ocrx_word' id='word_1_139' title='bbox 177 3185 313 3264; x_wconf 81' lang='lat' dir='ltr'><strong>Bacche,</strong></span> <span class='ocrx_word' id='word_1_140' title='bbox 334 3188 421 3264; x_wconf 86' lang='lat' dir='ltr'><strong>veni,</strong></span> <span class='ocrx_word' id='word_1_141' title='bbox 444 3183 604 3263; x_wconf 86' lang='lat' dir='ltr'><strong>dulcisque</strong></span> <span class='ocrx_word' id='word_1_142' title='bbox 625 3186 687 3243; x_wconf 84' lang='lat' dir='ltr'><strong>tuis</strong></span> <span class='ocrx_word' id='word_1_143' title='bbox 709 3203 726 3243; x_wconf 91' lang='lat' dir='ltr'><strong>e</strong></span> <span class='ocrx_word' id='word_1_144' title='bbox 749 3186 894 3245; x_wconf 87' lang='lat' dir='ltr'><strong>cornibus</strong></span> <span class='ocrx_word' id='word_1_145' title='bbox 917 3203 973 3243; x_wconf 84' lang='lat' dir='ltr'><strong>uva</strong></span> 
     </span>
     <span class='ocr_line' id='line_1_27' title="bbox 217 3269 962 3350; baseline -0.001 -22"><span class='ocrx_word' id='word_1_146' title='bbox 217 3269 373 3350; x_wconf 77' lang='lat' dir='ltr'><strong>Pendeat,</strong></span> <span class='ocrx_word' id='word_1_147' title='bbox 397 3275 429 3330; x_wconf 91' lang='lat' dir='ltr'><strong>et</strong></span> <span class='ocrx_word' id='word_1_148' title='bbox 451 3270 544 3349; x_wconf 85' lang='lat' dir='ltr'><strong>spicis</strong></span> <span class='ocrx_word' id='word_1_149' title='bbox 564 3275 704 3348; x_wconf 85' lang='lat' dir='ltr'><strong>tempora</strong></span> <span class='ocrx_word' id='word_1_150' title='bbox 726 3269 832 3346; x_wconf 82' lang='lat' dir='ltr'><strong>cinge,</strong></span> <span class='ocrx_word' id='word_1_151' title='bbox 855 3269 962 3328; x_wconf 77' lang='lat' dir='ltr'><strong>Cerea.</strong></span> 
     </span>
     <span class='ocr_line' id='line_1_28' title="bbox 177 3352 1048 3432; baseline -0.001 -21"><span class='ocrx_word' id='word_1_152' title='bbox 177 3353 260 3413; x_wconf 89' lang='lat' dir='ltr'><strong>Luce</strong></span> <span class='ocrx_word' id='word_1_153' title='bbox 279 3374 365 3415; x_wconf 81' lang='lat' dir='ltr'><strong>sacra</strong></span> <span class='ocrx_word' id='word_1_154' title='bbox 388 3354 563 3432; x_wconf 89' lang='lat' dir='ltr'><strong>requiescat</strong></span> <span class='ocrx_word' id='word_1_155' title='bbox 585 3352 711 3430; x_wconf 85' lang='lat' dir='ltr'><strong>humus,</strong></span> <span class='ocrx_word' id='word_1_156' title='bbox 732 3353 909 3431; x_wconf 89' lang='lat' dir='ltr'><strong>requieseat</strong></span> <span class='ocrx_word' id='word_1_157' title='bbox 930 3359 1048 3428; x_wconf 86' lang='lat' dir='ltr'><strong>arator,</strong></span> 
     </span>
     <span class='ocr_line' id='line_1_29' title="bbox 218 3437 919 3517; baseline -0.001 -19"><span class='ocrx_word' id='word_1_158' title='bbox 218 3437 260 3498; x_wconf 81' lang='lat' dir='ltr'><strong>Et</strong></span> <span class='ocrx_word' id='word_1_159' title='bbox 281 3458 372 3517; x_wconf 81' lang='lat' dir='ltr'><strong>grave</strong></span> <span class='ocrx_word' id='word_1_160' title='bbox 394 3456 542 3516; x_wconf 84' lang='lat' dir='ltr'><strong>suspenso</strong></span> <span class='ocrx_word' id='word_1_161' title='bbox 564 3454 689 3495; x_wconf 80' lang='lat' dir='ltr'><strong>vomere</strong></span> <span class='ocrx_word' id='word_1_162' title='bbox 710 3443 812 3496; x_wconf 81' lang='lat' dir='ltr'><strong>cesset</strong></span> <span class='ocrx_word' id='word_1_163' title='bbox 835 3456 919 3516; x_wconf 85' lang='lat' dir='ltr'><strong>opus.</strong></span> 
     </span>
     <span class='ocr_line' id='line_1_30' title="bbox 179 3518 1023 3600; baseline -0.004 -20"><span class='ocrx_word' id='word_1_164' title='bbox 179 3519 299 3581; x_wconf 88' lang='lat' dir='ltr'><strong>Solvite</strong></span> <span class='ocrx_word' id='word_1_165' title='bbox 320 3520 420 3581; x_wconf 85' lang='lat' dir='ltr'><strong>vincla</strong></span> <span class='ocrx_word' id='word_1_166' title='bbox 441 3522 535 3599; x_wconf 83' lang='lat' dir='ltr'><strong>iugis:</strong></span> <span class='ocrx_word' id='word_1_167' title='bbox 558 3539 639 3579; x_wconf 89' lang='lat' dir='ltr'><strong>nunc</strong></span> <span class='ocrx_word' id='word_1_168' title='bbox 662 3518 700 3578; x_wconf 87' lang='lat' dir='ltr'><strong>ad</strong></span> <span class='ocrx_word' id='word_1_169' title='bbox 722 3522 884 3600; x_wconf 87' lang='lat' dir='ltr'><strong>praesepia</strong></span> <span class='ocrx_word' id='word_1_170' title='bbox 908 3519 1023 3579; x_wconf 92' lang='lat' dir='ltr'><strong>debent</strong></span> 
     </span>
     <span class='ocr_line' id='line_1_31' title="bbox 217 3603 834 3683; baseline -0.003 -20"><span class='ocrx_word' id='word_1_171' title='bbox 217 3603 314 3665; x_wconf 87' lang='lat' dir='ltr'><strong>Plena</strong></span> <span class='ocrx_word' id='word_1_172' title='bbox 334 3610 480 3665; x_wconf 89' lang='lat' dir='ltr'><strong>coronato</strong></span> <span class='ocrx_word' id='word_1_173' title='bbox 504 3610 586 3663; x_wconf 81' lang='lat' dir='ltr'><strong>stare</strong></span> <span class='ocrx_word' id='word_1_174' title='bbox 608 3604 703 3663; x_wconf 78' lang='lat' dir='ltr'><strong>boves</strong></span> <span class='ocrx_word' id='word_1_175' title='bbox 725 3605 834 3683; x_wconf 86' lang='lat' dir='ltr'><strong>eapite.</strong></span> 
     </span>
    </p>
   </div>
   <div class='ocr_carea' id='block_1_9' title="bbox 0 0 1364 4325">
    <p class='ocr_par' dir='ltr' id='par_1_18' title="bbox 0 0 1364 4325">
     <span class='ocr_line' id='line_1_32' title="bbox 0 0 1364 4325; baseline 0 0"><span class='ocrx_word' id='word_1_176' title='bbox 0 0 1364 4325; x_wconf 95' lang='lat' dir='ltr'><strong> </strong></span> 
     </span>
    </p>
   </div>
  </div>
 </body>
</html>
