2717 4325
1053 427 1131 485 XVll

147 614 269 657 versuum
279 596 458 655 conturbatus
468 601 520 654 est.
541 595 639 668 Neque
656 596 730 651 enim
741 594 836 652 dubito
850 599 918 667 quin
929 596 959 652 lri
975 609 1076 652 versos
1091 596 1133 652 sic

146 687 197 741 sint
207 680 404 754 transponendi

222 784 273 841 333
287 778 519 852 languidulosque
531 783 610 849 paret
623 782 715 833 tecum
728 778 899 849 coniungere
916 794 1032 834 somnos

222 868 271 925 332
311 862 427 939 (currite
440 862 572 918 ducentes
585 863 768 933 subtegmina,
782 864 882 918 currite
893 857 962 936 lusi)

221 950 358 1008 33416νί6
373 950 553 1004 substernens
565 947 678 1002 robusto
690 946 805 1002 brachia
822 947 903 1003 collo.

143 1034 294 1106 pariterque

223 1134 273 1189 366
284 1128 355 1186 Nam
367 1128 482 1184 simulac
494 1127 577 1182 fessis
592 1126 701 1183 dederit
718 1129 776 1183 lora
794 1130 904 1198 copiam
919 1124 1036 1182 Achivis

222 1219 272 1273 366
312 1214 425 1283 (currite
437 1211 570 1266 ducentes
589 1212 773 1283 subtegmina,
786 1212 887 1268 currite
898 1205 966 1284 tusi)

224 1300 273 1355 376
284 1297 358 1352 urbis
370 1294 526 1351 Dardaniae
539 1294 678 1365 Neptunia
692 1296 803 1350 solvere
815 1294 917 1350 vincla.

146 1392 184 1449 lle
200 1408 252 1464 qua
269 1410 313 1464 re,
337 1409 372 1448 ne
397 1392 458 1465 quis
480 1407 524 1447 mc
551 1392 686 1448 audaciae
703 1398 730 1449 et
753 1393 912 1449 temeritatis
934 1398 1047 1465 arguat,
1070 1410 1135 1449 con·

145 1475 283 1531 terendum
299 1482 343 1533 est
361 1492 472 1533 carmen
484 1474 677 1533 Theocriteum
696 1476 720 1531 11
739 1483 767 1532 et
784 1476 883 1535 Catuli.
896 1474 965 1543 LXI,
984 1481 1135 1537 rsa—157.

141 1558 284 1616 Excidisse
295 1577 379 1616 unum
397 1576 511 1617 versum
525 1560 595 1614 inter
608 1564 669 1619 366.
685 1562 737 1620 366
752 1562 911 1633 pariterque
930 1560 1000 1617 inter
1014 1564 1074 1621 371.
1085 1563 1138 1621 373

142 1647 196 1701 iam
208 1641 335 1700 diximus.
361 1644 419 1699 Hac
436 1644 542 1699 ratione
560 1643 737 1716 stropharum
755 1646 927 1701 concinnitas
942 1645 1069 1701 restituta
1086 1653 1136 1701 est.

139 1730 169 1785 ln
188 1728 250 1799 ipso
266 1734 358 1783 tamen
375 1734 451 1784 textu
466 1728 534 1781 nihil
553 1727 703 1800 quidquam
718 1727 824 1783 mutavi
842 1730 896 1784 nisi
914 1728 990 1800 quod
1003 1729 1081 1784 libris
1096 1735 1138 1785 est

139 1811 339 1871 confirmatum.
350 1841 392 1850 -
401 1814 461 1871 389.
473 1810 656 1868 Procumberc
668 1817 765 1867 tauros
779 1827 815 1867 ex
830 1812 988 1869 coniectura
998 1813 1137 1883 italorum,

133 1894 319 1969 procumbere
329 1909 431 1949 currus
446 1894 468 1949 G
481 1894 501 1951 C
513 1894 535 1953 ¹L
547 1892 616 1950 DrD
628 1897 670 1965 P„
685 1894 870 1967 procumbere
886 1911 988 1953 carrus
1006 1897 1055 1964 Pu,
1068 1913 1137 1967 pro·

137 1991 258 2037 currere
269 1992 372 2033 currus
386 1978 418 2047 P¹
429 1976 458 2031 M
471 1976 533 2047 Gn„
545 1980 818 2049 procurritccurrur
830 1979 893 2049 Gn„
904 2010 947 2020 -
958 1980 1139 2041 remace-

136 2067 192 2123 404
203 2062 322 2118 sortasse
333 2064 373 2117 sic
384 2060 586 2133 transponendi

281 2160 430 2218 Perindere
442 2175 540 2216 manus
552 2160 672 2216 fraterno
684 2160 819 2232 sanguine
834 2160 941 2230 iratres,

225 2249 276 2304 401
288 2245 393 2318 optavit
407 2245 514 2316 genitor
524 2245 660 2316 primaevi
672 2245 774 2300 lunera
785 2244 852 2317 666,

117 2381 125 2414 ,
224 2333 278 2388 400
289 2329 393 2386 destitit
406 2329 542 2384 extinctos
553 2335 633 2386 natus
645 2330 741 2400 lugere
752 2335 882 2401 parentes

277 2413 346 2469 liber
358 2418 388 2466 ut
398 2414 527 2482 innuptae
543 2417 683 2482 poteretur
693 2412 764 2468 flore
774 2428 924 2480 novercae,

279 2495 376 2566 ignaro
391 2500 478 2548 mater
491 2497 669 2552 substernens
682 2513 713 2550 se
724 2496 809 2566 impia
823 2502 887 2552 nato

278 2578 364 2649 impia
375 2593 431 2632 non
440 2578 530 2632 verita
541 2584 583 2634 est
593 2578 674 2634 divos
686 2579 825 2635 scelerare
838 2586 979 2652 parentes.

223 2673 308 2732 LXV.
322 2675 398 2743 Quos
414 2691 514 2732 versus
527 2676 721 2734 Lachmannus
731 2684 795 2750 post
809 2668 943 2750 apartim
962 2695 998 2734 ex
1012 2679 1137 2734 carmini·

131 2765 191 2818 bus
204 2757 329 2830 LXVIII,
346 2765 373 2813 et
390 2758 512 2832 valrr,
528 2763 637 2833 petitos,
653 2764 753 2834 partim
771 2765 931 2819 coniectura
944 2761 1026 2818 fictos
1042 2763 1138 2830 intulit,

132 2843 223 2900 eieci.
233 2871 276 2883 —-
285 2842 368 2899 Vere.
380 2847 398 2902 9
410 2842 490 2900 deest
505 2846 533 2899 in
546 2845 569 2901 G
582 2844 602 2902 (l
613 2846 715 2913 L,mihi
727 2848 925 2918 suppositicius
936 2846 1055 2902 videtur.
1066 2846 1138 2900 luter

131 2929 229 2984 verbe
243 2931 294 2981 tua
309 2928 459 2998 loquentem
477 2930 596 2999 spatium
607 2945 728 2986 vacuum
744 2931 772 2985 in
783 2932 805 2985 D
816 2932 858 3000 P„
875 2937 922 2985 tua
933 2930 1018 2987 rerba
1027 2931 1138 3001 666666·

130 3019 191 3068 tem
205 3009 244 3065 Dr
256 3011 288 3081 Ρ,
298 3010 339 3067 Ρ6
350 3028 407 3066 666.
418 3027 491 3067 man.
502 3013 542 3081 1³„
550 3018 598 3068 tua
609 3013 681 3070 dicta
691 3016 841 3086 loquentem
851 3014 943 3081 litua
952 3013 1017 3086 fcto
1027 3015 1137 3084 loquen-

130 3103 191 3152 tem
201 3093 258 3165 Gu,
269 3093 527 3165 mediolanensis,
535 3101 583 3152 tac
591 3095 671 3168 facta
683 3100 833 3171 loquentem
845 3096 905 3167 Gn„
925 3098 1052 3155 Ceterum
1061 3112 1136 3151 vers.

130 3182 253 3239 10—14
264 3178 376 3234 aliunde
394 3178 448 3234 huc
466 3181 557 3236 illatos
569 3195 633 3236 6666
650 3183 775 3248 arbitror,
791 3195 877 3253 quare
889 3197 939 3237 eos
956 3182 1036 3236 uncis
1052 3180 1139 3235 inclu-

131 3261 254 3320 dendos
274 3268 351 3334 puto.
383 3263 461 3320 licet
477 3263 550 3318 enim
566 3265 708 3336 eleganter
724 3266 818 3336 scripti
839 3265 894 3320 sint
908 3281 961 3321 nec
974 3266 1029 3320 ulla
1039 3264 1075 3318 sit
1085 3262 1137 3318 du·

129 3346 237 3403 bitatio
249 3347 316 3416 quin
327 3347 360 3401 ab
372 3347 434 3417 ipso
453 3345 557 3403 Catullo
570 3349 624 3403 sint
634 3350 759 3420 proiecti,
775 3357 868 3406 tamen
882 3350 1016 3406 orationis
1027 3361 1138 3401 emaum

127 3432 225 3488 nimis
236 3427 379 3484 retardant
391 3436 418 3484 et
428 3431 637 3502 interrumpunt.

225 3513 311 3568 Vers.
322 3516 357 3570 19
368 3518 395 3568 et
406 3515 451 3583 qui
463 3520 614 3585 sequuntur
625 3517 735 3571 seiunxi
746 3518 781 3572 ab
790 3517 825 3572 iis
836 3520 1137 3588 quaepraecesseruot‚

126 3597 285 3656 continent
307 3595 379 3652 enim
396 3597 580 3669 [tegmentum
602 3601 733 3656 carminis
754 3599 946 3668 Callimachei,
963 3598 1039 3670 qood
1055 3599 1138 3654 latine

129 3682 225 3739 vertit
237 3679 368 3748 Catullus,
380 3686 490 3751 praeter
501 3681 553 3740 hos
563 3699 664 3741 versus
681 3700 796 3756 prorsus
807 3684 961 3754 intercepti.
992 3683 1074 3738 Plura
1090 3681 1138 3736 mi-

203 3757 388 3834 06666666.
421 3755 426 3766 ’
470 3810 474 3818 .
496 3770 521 3825 ·,
569 3779 573 3788 ·
918 3769 936 3820 b
