2717 4325
481 440 798 523 nonnae.

239 614 307 679 Sed
317 614 422 697 potina
432 611 539 673 maadi
551 610 647 672 Thai·
656 612 795 692 pretione
805 611 981 693 Menandri,

86 660 137 754 m»
284 697 709 760 contentanutoocomica
720 697 964 759 moechaGetae.

130 771 136 824 Ι
178 796 218 849 45
241 785 279 845 ln
291 784 537 842 moreateverte
547 778 620 837 viri:
644 780 670 839 ai
682 781 801 840 cantica
811 782 915 858 iactet,

285 865 413 926 Icomea
424 869 458 922 et
470 880 562 923 vocea
573 862 661 921 ebria
670 863 764 942 iunge
778 870 854 924 tuae.

127 953 130 962 '
242 949 360 1010 Ianitor
371 946 411 1007 cd
422 945 531 1005 dantes
541 943 664 1023 vigilet:
686 946 951 1028 uipaiaetinanio‚

287 1028 406 1092 Surdus
419 1030 452 1089 in
464 1028 627 1089 obductam
638 1032 772 1090 somniet
780 1050 879 1110 neque
892 1051 1000 1091 aerem.

242 1115 310 1176 Nec
319 1114 378 1173 tibi
390 1110 553 1192 displiceat
563 1111 654 1173 milec
665 1132 729 1173 non
737 1114 839 1173 factos
850 1117 958 1191 amori,

86 1204 88 1229 ⁵
185 1208 225 1262 50
289 1197 387 1259 Nauia
397 1214 456 1255 nec
469 1196 576 1256 attrita
588 1197 615 1256 ei
625 1196 709 1256 ferat
720 1214 792 1257 aera
802 1216 903 1274 mann,

242 1284 306 1343 Aut
317 1299 445 1360 quornm
459 1278 568 1339 titulun
578 1297 636 1359 per
647 1282 778 1340 barbara
789 1279 869 1340 colla
877 1280 1039 1361 pependit,

285 1362 404 1425 Caelati
415 1361 517 1423 medio
531 1382 598 1422 cum
610 1362 732 1422 caluere
742 1364 821 1423 foro.

244 1449 361 1509 Aurum
373 1452 523 1527 spectato,
535 1464 597 1506 non
608 1465 687 1525 quae
697 1466 804 1507 manua
816 1447 937 1507 adferat
947 1468 1060 1511 aurum.

284 1532 435 1593 Versibus
447 1529 558 1589 auditis
571 1527 646 1608 qnid
655 1531 717 1590 nini
726 1533 821 1591 verba
832 1531 940 1591 feren?

187 1622 224 1679 55
249 1612 330 1691 Quid
340 1614 423 1673 iuvat
434 1618 543 1673 ornato
555 1612 740 1693 procedere,
753 1615 826 1693 rita,
840 1613 951 1695 capillo

283 1697 326 1758 nt
335 1702 447 1757 tenueu
458 1696 522 1756 coa
532 1702 618 1757 reate
630 1716 755 1759 movere
766 1699 874 1759 cinari

239 1782 304 1857 ‚Qui
314 1798 432 1857 verano,
443 1779 527 1840 Goae
538 1779 663 1841 dederit
673 1800 733 1841 nec
743 1802 870 1843 munera
880 1786 985 1862 vecti,

283 1865 374 1924 letius
385 1864 443 1923 tibi
454 1864 496 1923 ait
506 1862 599 1924 surda
609 1865 676 1923 eine
688 1884 761 1925 aere
771 1865 850 1943 lyra.

242 1948 321 2007 Dum
332 1953 440 2007 vernat
450 1948 583 2025 sangnis,
595 1946 667 2007 dnm
677 1949 763 2024 rugia
772 1950 896 2025 integer
908 1967 1013 2027 annun,

188 2041 225 2095 60
285 2032 394 2109 Utere,
406 2049 446 2089 ne
459 2030 534 2109 quid
545 2049 612 2090 crea
622 2027 703 2089 libet
713 2032 750 2088 ab
762 2048 817 2089 ore
830 2030 906 2092 dieo.

242 2114 316 2179 Vidi
329 2133 385 2194 ego
399 2113 520 2174 odorati
531 2115 649 2175 victora
660 2114 778 2174 rosaria
787 2114 892 2174 Paesti

286 2199 348 2258 Sub
360 2200 508 2258 matutino
522 2203 609 2258 cocta
619 2199 723 2258 iacere
733 2199 838 2262 Noto?

242 2283 300 2344 His
312 2283 444 2342 animm
454 2287 580 2342 nostrae
592 2281 664 2343 dnm
676 2289 781 2343 versat
793 2282 942 2343 Acanthis
954 2283 1079 2363 amicae,

286 2366 350 2427 Per
359 2373 470 2426 tenues
481 2385 550 2425 oasa
562 2372 633 2426 cunt
643 2374 803 2427 numerata
814 2374 909 2428 cutes.

184 2459 221 2515 65
245 2449 309 2511 Sed
320 2469 394 2530 cape
405 2455 579 2529 torquatac,
594 2449 701 2511 Venus
713 2470 730 2511 o
741 2453 859 2530 regina,
872 2448 1031 2511 columbae

285 2534 332 2595 0b
344 2535 487 2594 meritum
499 2538 569 2593 ante
581 2540 651 2594 tuos
663 2540 787 2613 guttura
798 2541 884 2595 secta
894 2535 989 2593 focos.

242 2618 316 2681 Vidi
328 2637 385 2698 ego
398 2636 510 2696 rugoso
521 2619 628 2676 turrim
640 2636 844 2679 concrescere
856 2615 949 2694 collo,

283 2702 440 2782 sputaque
451 2720 509 2782 per
522 2700 632 2760 dentes
643 2702 692 2761 ire
705 2709 833 2762 cruenta
843 2719 943 2777 cavos,

243 2785 345 2864 Atque
358 2787 486 2845 animam
497 2785 530 2844 in
540 2791 662 2866 tegetes
673 2793 797 2868 putrem
804 2787 946 2868 expirare
953 2790 1115 2866 paternas?

187 2874 225 2928 ⁷0
284 2870 416 2929 Horruit
427 2867 542 2947 algenti
552 2872 683 2952 pergula
693 2878 781 2934 curta
792 2873 873 2933 foco.

240 2952 398 3030 Exequiae
409 2953 535 3012 fuerant
545 2957 609 3014 rari
619 2957 733 3015 furtiva
744 2954 849 3036 capilli

282 3035 412 3097 Vincula
423 3043 457 3096 et
465 3037 611 3095 inmundo
623 3035 741 3114 pallida
752 3040 844 3098 mitra
853 3040 914 3097 citu

240 3118 282 3177 Et
293 3121 376 3179 conia
387 3122 421 3179 in
432 3124 556 3179 nostros
569 3120 660 3177 nimia
672 3126 856 3197 experrecta
867 3118 1001 3193 dolores,

282 3203 358 3262 Cum
368 3201 506 3264 fallenda
516 3221 586 3262 meo
597 3198 713 3281 pollice
724 3201 820 3261 clatra
828 3201 941 3260 forent.

186 3289 221 3344 75
245 3284 293 3344 Sit
302 3286 436 3347 tumulus
448 3285 541 3348 lenae
553 3291 640 3346 cnrto
651 3290 740 3344 vetuo
752 3285 898 3363 amphora
909 3279 1008 3342 collo:

280 3368 398 3449 Urgeat
409 3371 491 3431 hunc
502 3389 594 3450 supra
604 3370 660 3447 vis,
673 3367 828 3446 capriflce,
843 3370 904 3424 tua.

241 3453 386 3532 Quisquis
399 3473 490 3531 amas,
502 3452 617 3512 scabris
628 3452 689 3511 hoc
699 3451 821 3509 bustum
834 3445 955 3507 caedito
967 3444 1056 3524 anxie,

281 3537 442 3616 Mlxtaqne
455 3555 521 3596 cum
534 3534 612 3592 saxia
625 3532 712 3592 adice
724 3532 817 3591 verba
828 3527 916 3589 mala.

88 1681 97 1721 θ

533 3673 733 3684 ψ..-

191 3770 403 3846 Ῥιιονειιτιυι
889 3785 907 3844 i
