2717 4325
398 844 927 942 nonantulo.

562 1075 753 1089 -..--..,ι,-

188 1227 288 1331 Quam
307 1267 489 1327 rationem
480 1284 513 1324 ιιι
533 1266 592 1326 hac
611 1265 771 1345 Propertii
792 1263 931 1326 editione
953 1271 1006 1326 aut
1020 1271 1144 1326 secutus

191 1350 244 1409 sim
270 1354 322 1407 aut
350 1351 439 1430 sequi
464 1347 641 1425 debuerim,
669 1368 723 1409 eos
738 1368 877 1431 quorum
896 1351 1031 1409 interest
1050 1348 1144 1408 facile

190 1430 401 1494 intellecturos
429 1451 499 1492 esse
524 1435 674 1493 existimo.
707 1451 802 1512 quare
823 1433 883 1492 bo'c
904 1432 1069 1513 praefandi
1089 1451 1145 1492 ne-

187 1516 271 1593 gotio
300 1517 375 1576 mihi
402 1515 531 1577 videbar
558 1516 766 1596 supersedere
794 1535 903 1596 posse,
936 1518 998 1576 nisi
1025 1515 1059 1576 id
1083 1518 1146 1576 suis

184 1601 354 1659 rationibus
375 1598 454 1661 utile
477 1619 546 1660 esse
569 1599 757 1660 credidisset
778 1598 957 1680 bibliopola.
993 1599 1033 1659 de
1060 1601 1145 1660 cuius

179 1681 343 1744 'commodo
364 1703 405 1745 ue
428 1684 503 1765 quid
522 1684 608 1744 forte
629 1703 688 1766 per
708 1703 758 1744 me
781 1683 1020 1762 detraheretur,
1041 1683 1146 1763 paucis

126 1786 129 1791 ·
189 1784 250 1832 rem
271 1766 410 1829 indicare
431 1770 529 1828 visum
551 1774 609 1829 est.

269 1851 399 1910 Constat
430 1857 532 1911 autem
563 1853 723 1932 Propertii
751 1852 886 1912 carmina
913 1848 1020 1912 Caroli
1046 1850 1147 1911 Lach-

187 1933 286 1994 manni
308 1938 342 1992 et
363 1933 521 1994 Friderici
541 1935 649 1996 Jacobi
671 1936 753 1994 curis
773 1936 818 1994 ita
839 1934 976 2014 expolita
996 1952 1084 2012 esse,
1112 1940 1149 1993 ut

186 2031 286 2095 neque
313 2035 331 2075 e
360 2017 447 2078 novis
474 2016 626 2078 librorum
652 2019 839 2097 scriptorum
861 2019 959 2097 copiis
982 2017 1148 2098 quidquam

187 2097 292 2159 auxilii
313 2106 423 2180 postea
443 2102 511 2182 peti
529 2101 659 2180 debeat,
684 2100 718 2161 id
732 2100 816 2181 quod
828 2099 989 2163 luculento
1005 2100 1147 2183 exemplo

183 2204 283 2264 nuper
309 2185 537 2265 Hertabergias
565 2187 792 2266 comprobavit,
820 2204 925 2265 neque
953 2184 1148 2247 emendando

182 2288 239 2348 pro
260 2270 350 2329 buius
373 2269 499 2349 quidem
521 2269 668 2331 editionis
689 2269 818 2330 consilio
839 2268 934 2329 multa
948 2271 1061 2329 mutari
1075 2289 1149 2350 pos-

183 2354 254 2413 sint.
286 2356 422 2433 quamvis
448 2338 555 2414 multa
572 2355 654 2413 enim
682 2356 720 2414 ab
745 2352 809 2415 iliis
830 2373 894 2414 non
915 2353 1148 2415 inconsiderate

182 2435 293 2496 relicta
316 2439 395 2516 sint,
418 2457 549 2517 quorum
570 2436 756 2516 corrigenda
775 2443 860 2497 esset
880 2439 1053 2518 scriptura,
1074 2457 1149 2518 pau-

183 2522 232 2580 cis·
254 2527 358 2580 tamen
389 2527 452 2581 tam
483 2527 600 2582 certam
628 2527 767 2601 paratam
793 2519 858 2581 aidi
886 2520 1147 2600 emendationem,

182 2613 218 2663 ut
239 2624 256 2662 a
278 2603 420 2665 codicum
441 2606 613 2685 scriptura,
638 2606 688 2664 cui
707 2606 804 2683 magis
820 2622 910 2684 quam
924 2602 1066 2667 volebam
1080 2606 1148 2686 ipsa

183 2686 331 2748 editionis
353 2695 464 2749 natura
486 2689 653 2749 adstrictus
673 2706 776 2765 eram,
807 2686 1032 2750 discedendum
1053 2696 1146 2751 esset.

181 2772 286 2850 itaque
315 2792 393 2832 cumi
404 2774 432 2834 is
455 2774 508 2852 qui
529 2779 601 2833 ante
622 2773 679 2832 hos
701 2772 810 2851 viginti
831 2778 898 2831 tres
920 2792 1018 2835 annos
1039 2774 1147 2835 Jacobi

157 2859 161 2868 '
182 2854 321 2915 editione
347 2863 453 2917 curata
473 2858 554 2917 bene
577 2856 617 2917 de
637 2857 698 2916 hoc
719 2862 814 2936 poeta
833 2858 967 2934 meruit,
995 2876 1077 2918 nuuc
1097 2860 1146 2917 in-

182 2944 301 3017 tegram
327 2947 476 3021 repetere
502 2943 643 3021 priorem
663 2938 835 3001 editionem
856 2939 1013 3002 noluisset
1034 2960 1146 3020 meque

182 3030 217 3083 ut
247 3023 457 3103 emendatius,
485 3030 632 3104 quantum
652 3025 724 3084 fleri
745 3030 870 3104 posset,
898 3022 1072 3105 exemplum
1093 3044 1148 3105 pa·
1256 3026 1258 3035 ’

181 3126 284 3168 rarem
306 3118 463 3187 rogasset,
492 3126 619 3187 operam
640 3126 757 3185 meam,
785 3108 846 3167 etsi
867 3105 983 3168 exilem
1005 3108 1077 3169 iore
1098 3110 1147 3167 in-

180 3190 307 3270 tellexi,
328 3198 433 3259 tamen
448 3192 480 3251 ei
494 3189 707 3270 denegandam
722 3209 870 3251 essenon
885 3192 1055 3253 arbitratus
1070 3211 1145 3253 sum.

181 3294 200 3336 e
223 3276 385 3338 codicibus
406 3274 502 3353 igitur
521 3293 575 3335 eos
591 3294 668 3354 quos
682 3274 897 3335 Lachmanuus
912 3274 1009 3354 elegIt
1023 3282 1147 3336 secutus

182 3380 266 3438 sum,
294 3359 527 3437 Groniuganum
555 3357 625 3418 dico
654 3364 688 3419 et
713 3356 969 3439 Neapolitanum
999 3360 1147 3440 aquibus

180 3445 354 3524 proximum
376 3442 501 3522 quidem
515 3440 620 3502 locum
633 3447 725 3502 tenet
736 3442 902 3521 Regiensis
918 3442 1033 3520 editio,
1057 3462 1146 3522 quom

180 3528 394 3588 Lachmanuus
423 3524 563 3604 addidit,
595 3531 629 3585 et
660 3525 759 3587 codex
789 3523 1020 3605 Menteliauus,
1054 3545 1145 3629 poem

180 3613 250 3693 ipse
269 3610 344 3671 olim
361 3608 496 3687 contuli,
512 3569 568 3670 sed
585 3610 630 3671 ita
643 3617 747 3671 tamen
761 3611 950 3711 proximum,
971 3614 1007 3668 ut
1020 3612 1147 3689 exiguas
1191 3676 1194 3683 Α

181 3698 224 3758 ait
250 3697 361 3756 horum
386 3691 541 3755 librorum
567 3714 650 3757 usus.
683 3696 710 3755 ιι
738 3700 840 3755 autem
867 3694 920 3775 qui
947 3694 1060 3754 tertius
1084 3694 1146 3755 illis
