2717 4325
500 398 645 468 l'lBULLl
663 407 732 467 LIB.
749 407 798 467 lV.
817 418 841 470 1.
952 427 956 434 ·

162 581 275 658 Magna
295 577 387 639 deum
408 576 514 657 proles
535 575 653 636 levibus
676 573 869 638 discurreret
890 578 1023 656 umbris,

97 669 104 678 '
162 663 393 741 Praeteriitque
416 662 477 721 cita
498 660 640 720 Sirenum
661 658 756 720 litore
776 662 882 741 puppi.

163 747 253 807 lllum
275 748 359 806 inter
378 747 518 823 gaminae
538 750 663 804 nentem
687 744 818 804 confinia
835 747 943 806 mortis
1137 752 1171 810 ⁷⁰

164 831 228 892 Nec
251 828 375 910 Scyllae
397 848 488 890 saevo
511 829 685 890 conterruit
700 829 835 909 impetus
858 848 929 906 ore,

164 917 240 975 Gom
263 915 388 974 canibus
409 912 532 994 rapidas
552 915 636 972 inter
657 913 726 974 iera
747 920 892 993 serperet
913 911 1025 990 undas,

165 999 229 1058 Nec
250 996 387 1059 violenta
408 1017 464 1059 suo
487 997 677 1076 consumpsit
697 1015 784 1056 more
807 996 999 1075 Charybdis,

165 1081 224 1144 Vel
245 1082 272 1142 si
292 1080 431 1143 sublimis
448 1084 545 1142 fluctu
567 1087 771 1159 consurgeret
791 1082 869 1157 imo,

164 1164 224 1228 Vel
245 1166 272 1225 si
293 1167 469 1246 interrupto
488 1164 621 1225 nudaret
642 1165 764 1243 gurgite
785 1171 922 1244 pontum.
1139 1171 1172 1226 75

84 1313 89 1320 ,
165 1250 233 1309 Non
255 1248 368 1309 violata
389 1251 456 1327 vagi
479 1249 629 1310 sileantur
651 1267 762 1328 pascua
784 1247 882 1324 Solis,

166 1333 234 1393 Non
256 1351 341 1393 amor
361 1340 395 1393 et
415 1331 548 1393 fecunda
568 1329 744 1392 Atlantidos
767 1353 837 1392 arva
859 1330 1026 1412 Calypsus,

165 1415 249 1477 Finis
271 1423 303 1476 et
325 1418 442 1476 erroris
463 1417 570 1477 miseri
591 1416 743 1476 Phaeacia
765 1397 868 1477 tellus.

166 1501 270 1579 Atque
288 1501 366 1560 haec
386 1519 441 1561 seu
460 1508 582 1561 nostras
603 1500 688 1560 inter
711 1507 782 1561 sunt
801 1502 923 1578 cognita
945 1506 1061 1578 terras,
1084 1527 1088 1536 ·

166 1583 283 1645 Fabula
302 1585 367 1643 sive
387 1603 499 1645 norum
521 1582 610 1644 dedit
628 1586 677 1645 his
701 1587 860 1646 erroribus
883 1585 1007 1662 orbem,
1140 1592 1175 1646 80

168 1669 215 1728 Sit
232 1667 321 1728 labor
341 1665 441 1747 illius,
462 1675 515 1730 tae
537 1667 610 1729 dom
627 1668 789 1748 facundia,
813 1670 919 1731 maior.

209 1753 270 1812 Iam
291 1758 323 1811 te
346 1772 410 1812 non
431 1752 508 1813 alius
530 1752 607 1813 balli
629 1760 718 1815 teret
740 1756 839 1834 aptius
863 1760 961 1829 artes,

169 1835 235 1910 Qua
256 1834 366 1896 deceat
387 1842 484 1896 tutam
505 1838 614 1897 castris
636 1836 829 1918 praeducere
850 1837 980 1914 fossam,
1016 1871 1020 1877 ·

170 1917 312 1994 Qualiter
335 1917 479 1979 adversos
500 1920 584 1980 hosti
607 1919 745 1999 deligere
767 1941 891 1999 cervos,

170 2003 305 2077 Quemne
325 2000 428 2062 locum
445 2001 537 2062 ducto
556 2003 666 2064 melius
688 2006 729 2065 sit
750 2003 895 2065 claudere
916 2001 1014 2081 vallo,
1142 2012 1174 2064 85

168 2086 321 2146 Fontibus
342 2093 377 2147 ut
398 2084 506 2146 dulces
528 2095 669 2168 erumpat
689 2095 775 2149 terra
796 2087 952 2167 liquores,

169 2173 213 2232 Ut
233 2169 398 2251 facilisque
419 2173 481 2232 tuis
502 2171 603 2233 aditus
624 2173 666 2232 sit
688 2179 721 2232 et
742 2172 855 2233 arduus
875 2172 976 2247 hosti,

169 2255 283 2316 Laudis
303 2264 337 2317 et
357 2255 479 2317 assiduo
501 2257 603 2335 vigeat
626 2258 795 2317 certamine
818 2254 918 2315 miles.

171 2340 246 2415 Quis
267 2338 423 2401 tardamue
444 2339 552 2400 sudem
571 2339 682 2401 melius
705 2339 878 2401 celeremue
900 2338 1040 2415 sagittam

170 2424 285 2485 lecerit
306 2429 358 2485 aut
375 2423 463 2483 lento
484 2425 675 2503 perfregerit
697 2425 785 2485 obvia
806 2422 895 2505 pilo‘i
1144 2428 1178 2483 90

113 2577 116 2582 Ι
170 2508 234 2566 Aut
256 2507 324 2584 quis
345 2526 456 2585 equum
478 2507 675 2588 celeremque
697 2514 764 2569 arto
787 2510 985 2588 compescere
1007 2503 1115 2565 fraeno

170 2590 275 2651 Possit
295 2597 329 2651 et
350 2590 463 2651 effusas
484 2590 574 2652 tardo
596 2594 780 2671 permittere
801 2593 955 2667 habenas,

172 2675 268 2754 Inque
289 2676 388 2735 ricem
408 2674 500 2736 modo
523 2674 643 2736 directo
666 2674 858 2737 contendere
877 2690 984 2754 passu,

173 2758 235 2818 Seu
256 2758 369 2836 libeat,
390 2778 482 2819 curvo
505 2760 628 2820 brevius
650 2766 834 2820 convertere
856 2777 948 2838 gyro,

174 2843 249 2919 Quis
267 2862 389 2923 parma,
409 2862 464 2904 seu
485 2843 594 2904 dextra
613 2842 691 2905 velit
712 2863 767 2904 sen
788 2841 894 2921 laeva,
916 2841 1016 2919 tueri,
1145 2848 1177 2903 95

147 2980 151 2986 .
175 2925 245 2985 Siue
267 2927 325 2987 hac
347 2927 412 2987 sive
432 2926 506 2988 illac
527 2926 651 3007 grandia
673 2929 759 2989 venit
780 2928 913 3007 impetus
935 2926 1041 2985 hastae

173 3007 332 3090 Amplior,
354 3018 406 3072 unt
427 3012 546 3091 signata
566 3013 627 3072 cita
647 3010 716 3072 loca
736 3018 864 3089 tongere
886 3007 1006 3069 lunda?

173 3092 235 3154 lam
254 3093 345 3155 simul
366 3093 489 3156 audacis
508 3096 635 3157 venient
656 3095 825 3156 certamino
846 3093 975 3171 Mortis,

174 3175 384 3258 Adversisque
405 3185 517 3259 parent
535 3181 617 3240 acies
639 3196 828 3241 concurrere
850 3178 964 3257 signis,

175 3262 253 3322 Tum
275 3264 333 3325 tibi
354 3281 416 3323 non
438 3263 520 3325 desit
538 3262 650 3324 faciem
671 3279 858 3343 componere
878 3277 1016 3341 pugnae,
1129 3268 1192 3320 100Ι

175 3347 236 3408 Seu
254 3349 295 3410 sit
314 3368 391 3429 opus
413 3346 594 3428 quadratum
615 3349 697 3408 acies
720 3348 868 3408 consistat
887 3346 919 3406 iu
941 3362 1065 3423 agmen,

173 3432 288 3493 Rectus
307 3440 342 3493 ut
358 3435 497 3512 aequatis
517 3431 661 3493 decurrat
680 3432 835 3492 frontibus
855 3428 949 3507 ordo,

175 3514 238 3577 Seu
257 3515 354 3578 libeat
376 3515 530 3597 duplicem
551 3516 713 3577 seiunctim
736 3533 867 3577 cernere
889 3513 1039 3590 Martem,

175 3602 292 3662 Dexter
312 3602 358 3661 uti
379 3599 498 3663 laevum
521 3607 626 3661 teneat
647 3599 850 3679 dextrumque
872 3598 997 3657 sinister

175 3685 271 3762 Miles
291 3687 394 3767 sitque
416 3684 530 3766 duplex
552 3685 666 3764 gamini
687 3686 816 3746 victoria
838 3700 934 3743 casus.
1130 3687 1180 3739 105
