2717 4325
468 454 490 517 L
511 457 525 515 1
544 456 567 517 B
588 456 612 517 Il
634 457 660 519 R
702 457 755 537 111,
777 468 805 539 6,
828 470 853 525 7.
1097 462 1141 528 ³5

229 631 246 685 5
265 620 342 685 Nam
352 620 444 684 modo
456 621 577 683 nudatis
588 642 707 684 mecum
719 630 768 686 est
776 624 893 687 luctata
902 626 1036 708 papillis,

306 706 466 767 Interdum
476 707 799 790 tunicaduxitoperta
808 730 934 773 moram.

265 788 323 852 llla
332 809 417 850 meos
428 810 535 851 somno
545 790 648 872 lapsos
658 793 810 873 patefecit
821 793 939 855 ocellos

307 875 372 934 Orc
383 894 438 935 suo
450 881 483 935 et
494 873 572 936 dixit
582 878 703 953 ε1111111,
713 874 812 955 lente,
822 878 941 939 iaces‘l'

267 959 364 1035 Quam
375 960 459 1018 vario
472 956 614 1038 amplexu
627 966 779 1021 mutamus
789 962 931 1022 brachia!
952 967 1100 1041 quantum

211 1051 247 1103 10
307 1040 421 1102 Oscula
432 1049 504 1103 sunt
513 1041 611 1104 labris
622 1050 730 1104 nostra
739 1051 858 1105 morata
868 1047 946 1105 tuis!

263 1126 333 1186 Non
342 1127 426 1187 iuvat
435 1128 469 1186 in
481 1145 572 1187 caeco
584 1126 743 1189 Venerem
754 1147 955 1208 corrumpere
965 1137 1066 1191 motu:

305 1210 461 1289 Simoeis,
473 1208 556 1270 oculi
567 1212 681 1270 suntin
693 1230 797 1272 amore
810 1210 913 1272 duces.

265 1293 335 1373 lpse
346 1294 434 1352 Paris
446 1292 529 1352 nuda
538 1294 641 1355 fertur
651 1296 783 1374 periisse
794 1295 945 1373 Lacaena,

304 1376 382 1437 Cum
392 1375 559 1437 Menelaeo
571 1385 715 1455 surgeret
726 1398 744 1439 e
754 1378 899 1457 thalamo,

210 1466 243 1520 15
264 1459 371 1521 Nudus
384 1466 417 1519 et
425 1460 602 1540 Endymion
611 1462 732 1523 Phoebi
744 1463 865 1543 cepisse
876 1481 1017 1523 sororem

304 1544 425 1605 Dicitur
437 1550 470 1605 et
480 1544 581 1605 nudae
593 1547 797 1607 concubuisse
808 1546 896 1608 deae.

263 1627 354 1705 Quod
366 1630 392 1689 si
402 1629 595 1710 portendens
607 1631 707 1690 animo
719 1631 975 1710 11111111111111,

301 1711 405 1773 Scissa
414 1719 502 1774 veste
513 1732 597 1774 meas
609 1716 774 1795 experiere
784 1733 907 1775 manus:

261 1796 343 1872 Quin
354 1797 457 1874 etiam,
469 1798 496 1856 11
506 1816 556 1857 mc
567 1796 699 1858 ulterius
710 1800 890 1878 provexerit
899 1799 957 1877 iro,

207 1888 243 1941 20
304 1879 459 1939 Ostendes
472 1883 563 1940 matri
572 1882 700 1942 brachia
708 1882 793 1942 laesa
802 1888 885 1943 tuae.

260 1961 399 2024 Necdum
408 1961 575 2024 inclinatae
585 1966 755 2043 prohibent
764 1971 798 2025 te
808 1964 921 2026 ludere
931 1984 1094 2027 mammae:

300 2045 427 2109 Viderit
437 2047 525 2125 haec,
539 2048 566 2107 si
579 2066 668 2126 quam
678 2048 739 2107 iam
749 2050 911 2129 peperisse
921 2048 1029 2129 polet.

259 2131 338 2192 llum
348 2150 404 2191 nos
416 2130 479 2192 1111
489 2129 604 2210 sinunt,
617 2129 724 2193 oculos
736 2133 882 2194 satiemus
892 2150 1012 2194 amore:

298 2215 366 2277 Nox
376 2217 435 2276 tibi
447 2213 541 2294 longa
551 2217 637 2276 venit
646 2234 706 2277 nec
718 2215 859 2277 reditura
871 2216 948 2278 (lies.

203 2309 238 2362 25
258 2302 363 2379 Atque
373 2301 490 2360 utinam
500 2302 668 2361 haerentes
679 2301 725 2360 sic
736 2320 793 2361 nos
803 2302 921 2362 vincire
935 2307 1044 2363 catena

298 2381 418 2461 Velles‚
430 2390 465 2443 ut
475 2402 639 2464 numquam
651 2382 789 2446 solveret
798 2384 862 2446 ulla
873 2384 956 2445 dies!

255 2466 405 2548 Exemplo
418 2469 542 2527 iunctae
552 2469 611 2528 tibi
623 2469 730 2529 sintin
739 2488 844 2530 amore
855 2468 1027 2548 columbae,

297 2549 453 2611 Masculus
466 2557 499 2612 ct
508 2557 609 2612 totum
619 2553 735 2613 femina
747 2554 931 2633 coniugium.

256 2636 360 2714 Errat,
377 2636 430 2715 qui
439 2637 534 2696 finem
543 2638 648 2696 vesani
662 2639 785 2715 quaerit
796 2638 925 2697 amoris:

201 2729 237 2784 30
298 2719 399 2781 Verus
411 2738 496 2779 amor
506 2718 626 2780 nullum
637 2721 723 2782 novit
733 2722 850 2782 habere
861 2719 994 2782 modum,

256 2804 358 2865 Terra
367 2805 454 2884 prius
465 2803 544 2865 falso
554 2811 645 2884 partu
657 2802 789 2866 deludet
799 2812 933 2883 arantes,

293 2887 335 2949 111
346 2889 437 2948 citius
448 2889 555 2968 nigros
567 2887 622 2950 Sol
633 2890 762 2967 agitabit
772 2908 881 2969 equos,

253 2970 455 3051 Fluminaque
467 2972 506 3033 ad
517 2979 609 3054 caput
618 2973 772 3052 incipient
781 2991 929 3034 revocare
939 2970 1090 3052 liquores,

294 3054 409 3114 Aridus
421 3061 454 3114 et
464 3058 547 3116 sicco
559 3057 683 3134 gurgite
692 3058 787 3136 piscis
798 3059 870 3133 erit,

199 3147 233 3201 35
255 3139 352 3215 Quam
364 3139 480 3216 possim
490 3144 615 3197 nostros
627 3137 687 3198 olio
698 3139 872 3225 transferre
883 3135 1027 3200 dolores:

224 3277 229 3286 .
293 3221 392 3281 Huius
404 3239 458 3280 ero
469 3222 565 3298 vivus,
577 3226 717 3280 mortuus
727 3220 820 3279 huius
830 3239 895 3281 ero.

253 3303 344 3382 Quod
354 3304 431 3364 mihi
444 3305 471 3364 si
483 3322 588 3364 secum
598 3301 679 3363 tales
691 3301 866 3364 concedere
877 3309 986 3365 noctes

292 3386 351 3450 Illa
361 3386 449 3466 velit,
461 3389 543 3448 vitae
552 3386 665 3467 longus
676 3393 710 3448 et
720 3407 816 3448 onnus
827 3389 906 3448 etita

252 3473 286 3534 Si
299 3472 385 3533 dabit
395 3474 473 3533 haec
483 3472 604 3551 multas,
618 3473 690 3533 fiam
699 3471 874 3534 inmortalis
883 3472 918 3532 in
927 3468 1010 3532 illis:

198 3565 234 3621 40
295 3556 395 3616 Nocte
410 3555 934 3638 u'naquinisveldeusessepotest.

254 3641 383 3718 Qualem
393 3643 420 3702 si
432 3644 535 3702 cuncti
547 3647 700 3723 cuperent
711 3640 882 3702 decurrere
892 3641 986 3701 vitam

291 3725 334 3788 111
343 3728 445 3807 pressi
456 3726 553 3788 multo
565 3727 705 3788 membra
713 3726 818 3787 iacere
828 3743 927 3868 meqq,
