2717 4325
164 408 206 470 54
457 409 650 474 cauum
671 410 805 476 canii.
826 424 871 517 ⁶1⁶·

285 578 369 639 Haec
388 596 534 659 expressa
552 581 609 640 tibi
620 583 766 643 carmina
782 583 958 663 Brttledae,

245 662 292 721 Ne
314 671 365 722 tus
386 661 468 721 dicta
488 664 571 741 vagis
590 668 794 745 nequicquam
815 667 935 729 credita
953 672 1055 731 scutis
1105 704 1108 706 Δ
1171 740 1175 747 ,

285 745 451 806 Effluxisse
471 763 540 807 meo
559 747 643 809 forte
663 756 755 829 putes
775 750 886 811 auimo.

589 916 721 982 vab.

549 1016 565 1054 ¹i¹
751 1020 766 1055 t

649 1064 665 1100 a

242 1114 285 1173 Ut
307 1114 430 1171 missum
452 1118 556 1194 spousi
576 1116 689 1177 furtivo
710 1136 838 1178 munere
860 1115 972 1177 malum

283 1196 444 1256 Procurrit
466 1207 549 1259 casto
570 1202 698 1279 virginis
720 1220 738 1261 e
759 1202 893 1281 gremio,

242 1279 331 1356 Quod
352 1281 483 1341 miserae
506 1282 621 1344 oblitae
640 1282 728 1345 mulli
750 1286 806 1345 sub
827 1292 915 1345 veste
934 1282 1083 1365 locatum,

232 1374 236 1382 ⁴
284 1364 361 1423 Dum
381 1363 513 1425 adventu
534 1368 643 1427 matris
664 1368 805 1448 prosilit,
826 1370 995 1428 excutitur:

241 1448 343 1525 Atque
365 1446 441 1507 illud
461 1469 561 1529 prono
582 1468 733 1531 praeceps
755 1454 855 1531 agitur
876 1450 1026 1529 decursu,

283 1532 362 1590 Huic
382 1540 484 1592 mauat
504 1534 588 1594 tristi
611 1537 751 1594 conscius
772 1553 827 1595 cre
848 1536 953 1595 rubor.

590 1724 715 1790 LXVI.

240 1790 352 1886 (lmuis
373 1827 425 1905 qui
445 1830 545 1907 magui
566 1829 700 1911 dispexit
718 1829 834 1891 lumina
854 1830 976 1910 mundi,

282 1912 341 1986 Qui
363 1908 523 1971 stellarum
545 1922 631 1974 ortus
652 1916 804 1994 comperit
824 1921 917 1993 atque
939 1918 1056 1995 obitus,

238 1992 410 2054 Flammeus
432 2003 465 2055 ut
485 1996 585 2076 rapidi
604 1997 678 2058 solia
698 2000 782 2058 uitor
803 2000 1002 2077 obscuretur,

281 2078 323 2137 Ut
344 2077 455 2138 cedant
475 2082 569 2141 certis
590 2081 695 2141 sidera
715 2083 923 2161 temporibus,

201 2173 217 2222 5
239 2160 282 2223 Ut
306 2160 441 2223 Triviam
464 2164 571 2226 furtim
592 2168 648 2226 sub
670 2165 790 2226 Latmia
809 2184 879 2226 saxa
899 2165 1042 2245 relegans

280 2244 385 2307 Dulcis
404 2266 488 2308 amor
509 2267 584 2328 gyro
607 2248 738 2311 devocet
758 2249 860 2326 aerio,

237 2328 321 2388 Idem
341 2348 390 2390 me
411 2329 468 2392 ille
488 2331 597 2392 eonon
617 2331 746 2394 caelesti
768 2332 893 2393 numine
912 2331 991 2394 vidit

278 2413 304 2472 a}
327 2414 497 2474 Bereniceo
519 2417 636 2476 vertice
658 2416 826 2476 caesariem

235 2495 419 2574 Fulgentem
442 2497 540 2576 clare,
563 2519 650 2577 quam
668 2498 773 2560 multis
794 2497 850 2558 illa
869 2495 995 2558 dearum

178 2591 216 2641 {0
277 2579 370 2640 Levia
390 2581 581 2661 protendens
602 2583 728 2644 brachia
748 2580 888 2662 pollicita
906 2588 971 2658 est,

236 2663 302 2738 Qus
321 2681 376 2723 rer
397 2672 580 2743 tempestate
600 2685 678 2727 nuso
702 2673 808 2726 auctus
829 2666 999 2744 hymenaeo

275 2747 435 2809 Vastatum
456 2749 526 2810 liuis
543 2751 642 2808 iverat
662 2749 824 2827 Assyrios,

234 2829 343 2890 Dulcia
364 2839 533 2892 nocturnae
553 2840 680 2912 perteus
701 2833 831 2910 vestigia
849 2832 951 2909 rixae,
1010 2889 1016 2908 ,

276 2915 371 2990 Quam
395 2914 434 2975 de
455 2916 601 2994 virgineis
624 2921 764 2994 gesserat
783 2917 909 2976 exuviis.
1034 2930 1039 2936 ·

183 3007 214 3059 15
235 2999 333 3058 Estne
352 3000 437 3058 novis
457 3001 560 3078 nuptis
581 2999 652 3060 odic
676 3000 805 3062 Venus?
826 3018 904 3059 aune
925 3006 1088 3080 pareutum

275 3083 478 3142 Frustrautur
498 3081 584 3144 falsis
605 3083 714 3162 gaudia
734 3080 922 3160 lacrimulis,

234 3165 376 3226 Ubertim
395 3165 521 3226 thalami
540 3186 614 3246 quas
634 3169 717 3228 iutra
735 3165 844 3228 limina
863 3165 1018 3228 luuduuti

274 3250 359 3327 Nou,
382 3251 425 3310 ita
446 3269 494 3311 me
516 3250 594 3327 divi,
614 3269 687 3311 vera
708 3258 848 3329 gemunt,
870 3252 995 3311 luerint.

234 3332 269 3391 ld
287 3350 354 3393 mea
372 3352 422 3394 me
441 3334 545 3395 multis
567 3334 671 3394 docuit
693 3336 802 3412 regius
823 3332 960 3413 querelis

183 3425 218 3477 20
279 3417 433 3478 luviseute
456 3437 534 3478 novo
554 3418 673 3498 praelia
693 3424 782 3478 torva
799 3420 875 3478 viro.

234 3501 276 3560 At
295 3506 329 3561 tu
349 3520 410 3560 nou
434 3503 541 3562 orbum
563 3501 640 3561 luxti
662 3501 787 3561 deserta
808 3500 928 3578 cubile,

274 3583 337 3645 Sed
358 3584 464 3646 fratris
487 3589 550 3646 cari
572 3585 678 3646 debile
702 3583 885 3645 discidium?

234 3668 311 3728 Cum
331 3671 454 3748 penitus
476 3679 605 3731 maestas
627 3668 732 3731 exedit
753 3688 827 3729 cura
848 3667 1013 3729 medullas!
