2717 4325
487 356 855 439 insanas
1091 361 1154 427 ln

234 539 251 593 5
274 530 345 606 Qua
356 544 445 587 sacer
457 526 609 605 abripitur
621 543 713 585 caeco
725 524 1001 605 iconomachiam,

320 614 387 688 Qua
401 615 548 690 penetrat
559 602 677 695 (virgo,
688 607 753 670 tale
763 611 826 669 iter
838 628 927 670 omne
939 606 1035 698 cave)

277 696 376 757 ieiuni
387 694 544 774 serpentis
555 694 665 771 honos,
677 712 746 753 com
755 692 868 774 pabala
878 696 979 774 poscit

318 780 429 840 Annua
440 784 472 838 et
484 795 521 837 ex
532 778 592 837 ima
605 775 696 837 sibila
705 785 834 857 torquet
842 778 944 839 bomo.

279 858 954 943 Taliademlssaepallentadsacrapoellae,

220 960 259 1011 10
322 948 400 1006 Gom
409 952 530 1005 temere
542 946 674 1023 anguino
687 944 827 1005 creditur
838 965 893 1006 ore
902 964 1018 1007 manns.

277 1028 335 1092 Ille
347 1030 407 1090 sibl
419 1027 555 1089 admotas
567 1047 584 1087 a
594 1028 714 1105 virgine
726 1031 857 1109 corripit
867 1048 969 1089 escas:

317 1114 456 1191 Virginis
466 1114 499 1171 in
509 1109 620 1192 palmis
630 1113 698 1191 ipsa
709 1114 842 1172 canistra
851 1121 998 1173 tremunt.

279 1198 313 1258 Si
325 1198 444 1257 fuerint
456 1202 568 1273 castae,
579 1194 714 1255 redeant
724 1198 757 1256 in
769 1195 848 1257 colla
858 1203 1030 1276 parentam,

321 1280 523 1359 Clamantque
535 1278 689 1357 agricolae
702 1279 828 1340 ‘fertilis
840 1298 936 1339 annno
947 1282 1033 1341 erit!

219 1376 257 1427 15
279 1366 349 1425 Huc
360 1382 428 1425 mea
439 1362 579 1424 detonsis
591 1370 697 1423 avecta
707 1371 757 1423 est
768 1365 902 1443 Cynthia
915 1365 1050 1424 mannis:

320 1450 419 1509 Causa
429 1448 490 1507 fuit
499 1448 585 1524 luno,
599 1445 655 1506 scd
666 1464 754 1527 mago
766 1466 856 1508 causa
866 1448 982 1509 Venno.

277 1534 378 1613 Appia
393 1528 451 1609 alie,
463 1546 588 1610 quaeso,
600 1538 745 1609 qnantum
756 1537 789 1591 te
799 1537 882 1591 teste
892 1532 1081 1611 triumphum

319 1616 429 1695 Egerit
444 1616 551 1675 effusis
561 1632 619 1695 per
630 1622 683 1675 tna
694 1634 764 1675 saxa
774 1616 863 1695 rotis,

279 1700 394 1781 'sarpis
404 1700 437 1758 in
449 1716 559 1758 arcana
571 1701 674 1760 sonuit
685 1716 754 1759 cnm
764 1702 830 1760 rina
839 1702 985 1774 taberna3

220 1792 258 1845 20
321 1782 355 1842 Si
366 1784 433 1842 sine
445 1800 505 1861 me,
516 1781 615 1842 famae
627 1801 689 1841 non
701 1784 768 1843 sine
778 1782 850 1843 labe
861 1802 956 1845 meae.

279 1864 473 1948 Spectaclum
484 1867 552 1946 ipsa
562 1865 675 1925 sedens
685 1868 787 1947 primo
797 1873 922 1927 temone
932 1864 1094 1948 pependit,

319 1951 402 2009 Ausa
411 1969 470 2030 per
479 1950 607 2029 inpuros
618 1950 709 2009 frena
719 1967 843 2009 movere
854 1950 949 2009 locos.

278 2033 385 2093 Serica
395 2051 465 2093 nam
476 2039 565 2092 taceo
577 2032 655 2093 volsi
666 2040 813 2113 carpenta
823 2035 948 2112 nepotis

318 2118 421 2197 Atque
437 2114 606 2178 armillatos
618 2114 700 2176 colla
709 2115 848 2178 Molossa
859 2134 962 2194 caneo,

221 2210 258 2264 25
279 2203 339 2278 in
351 2201 437 2261 dabit
448 2200 614 2260 inmundae
626 2199 747 2261 venalia
757 2202 821 2261 fata
831 2204 965 2280 saginae,

319 2283 434 2346 Vincet
443 2286 496 2345 nbi
507 2303 610 2344 erasas
621 2286 717 2345 barbo
727 2283 872 2365 pudenda
883 2303 985 2364 genas.

278 2369 355 2430 Goon
365 2370 458 2428 tieret
468 2374 575 2428 nostro
587 2370 703 2429 totiens
714 2370 827 2430 iniuria
837 2368 933 2448 lecto,

317 2454 438 2513 Mutato
449 2451 532 2512 volui
543 2458 643 2512 castra
654 2471 778 2514 movere
789 2459 869 2515 toro.

276 2535 395 2615 Phyllis
408 2537 579 2596 Aventinae
590 2537 740 2614 quaedam
752 2543 801 2597 est
810 2538 910 2596 vicina
920 2535 1046 2612 Dianae,

220 2627 258 2681 30
319 2620 429 2679 Sobria
443 2625 529 2698 grata
539 2637 662 2701 parum:
686 2640 753 2680 enm
764 2621 853 2697 bibit,
866 2619 1067 2679 omne-decet.

278 2701 388 2764 Altera
401 2701 552 2782 Tarpeios
565 2709 614 2762 est
624 2705 708 2763 inter
720 2704 799 2764 Teia
807 2702 905 2781 locos,

319 2785 467 2866 Candida,
479 2785 536 2846 sed
545 2793 638 2866 potae
650 2789 798 2848 nonsatis
809 2805 886 2847 nnus
898 2788 968 2849 erit.

277 2870 335 2930 llis
347 2887 404 2948 ego
416 2870 562 2930 constitui
571 2878 695 2931 noctem
705 2871 808 2932 lenire
818 2874 934 2944 vocatis

316 2955 359 3013 ln
369 2953 495 3015 Venere
506 2955 611 3032 ignota
622 2955 707 3014 furta
717 2973 831 3016 novare
843 2975 919 3016 mea.

221 3045 257 3099 35
278 3036 364 3098 Unus
377 3043 445 3096 erat
457 3038 556 3097 tribus
568 3039 601 3098 in
612 3045 734 3098 secreta
744 3037 877 3098 lechalua
889 3040 995 3098 herba.

318 3121 447 3196 Quaeris
458 3121 661 3197 concubitus?
682 3123 767 3182 intcr
777 3128 940 3200 utramque
950 3123 1006 3182 fui.

275 3203 448 3282 Lygdamus
460 3204 498 3264 ad
511 3207 637 3284 cyathos
648 3206 782 3284 vitrique
795 3206 910 3264 aestiva
921 3202 1061 3285 supellex

315 3287 357 3346 nt
367 3288 580 3368 Methymnaei
592 3289 712 3350 Graeco
724 3287 817 3348 saliva
828 3289 916 3349 merl.

275 3369 356 3447 Nile,
370 3377 441 3432 tuns
451 3373 568 3433 tibicen
580 3379 658 3450 erat,
671 3371 861 3433 crotalistria
871 3371 1002 3452 Phyllis,

221 3460 258 3514 40
317 3453 359 3513 Et
370 3453 470 3515 facilis
482 3459 584 3536 spargi
595 3456 708 3517 munda
718 3458 785 3517 sine
797 3464 864 3517 arte
875 3475 956 3536 rosa,

275 3536 379 3597 Nonus
391 3540 502 3620 etipse
514 3559 585 3601 suos
597 3542 735 3601 breviter
749 3547 912 3601 concretus
923 3541 956 3599 in
969 3543 1053 3599 aa'tos

316 3619 453 3682 lactabat
462 3629 587 3685 truncas
599 3623 638 3684 aol
649 3643 721 3686 cava
731 3627 810 3685 buxa
819 3643 935 3685 manne.
