2717 4325
228 578 263 633 55
282 569 464 646 Fortunata,
478 585 548 628 mea
560 567 587 627 i
599 585 658 645 qna
670 571 719 626 eat
729 563 888 625 celebrata
897 561 1023 627 libello!
1127 576 1165 633 15
1278 519 1282 680 J

324 653 468 713 Garmina
481 658 573 711 erunt
584 650 703 710 formae
713 654 762 710 tot
771 650 960 710 monimenta
971 656 1052 713 tuae.
1280 691 1281 708 1

282 736 359 797 Nam
370 754 472 816 neque
483 732 682 813 Pyramidum
691 739 830 813 sumptus
839 732 879 793 ad
890 732 995 795 sidera
1005 734 1102 815 ducti,

324 820 389 881 Nec
400 820 479 880 loris
488 818 559 879 Elei
575 817 694 878 caelum
703 819 821 877 imitata
832 816 952 896 domus,

282 905 348 965 Nec
359 902 512 964 Mausolei
524 900 610 963 dives
621 903 747 964 fortuna
757 900 893 981 sepulcri

229 998 264 1053 60
325 988 439 1049 Mortis
455 988 492 1047 ab
505 993 643 1047 extrema
654 985 836 1048 condicione
849 992 965 1045 vacant.
1122 998 1158 1051 20

283 1074 346 1131 Aut
355 1068 420 1131 illis
430 1072 551 1131 flamma
562 1078 614 1131 ant
624 1072 724 1131 imber
735 1068 887 1130 subducet
897 1070 1043 1151 honores,

323 1156 484 1216 Annorum
494 1162 546 1215 ant
555 1157 619 1215 ictu
630 1154 770 1234 pandera
780 1155 861 1215 ricta
871 1161 973 1217 ruent.

283 1241 325 1300 Aa
335 1259 398 1300 nan
408 1241 533 1319 ingenio
546 1240 719 1318 quaesitum
728 1256 842 1299 nemen
853 1239 890 1300 ab
903 1256 978 1299 aevo

323 1322 471 1384 Excidet:
492 1324 616 1403 ingenio
629 1328 691 1405 stat
701 1324 769 1383 sine
780 1330 880 1383 morte
893 1321 996 1386 decas.

197 402 241 469 00
495 394 859 461 ΡΗΟΡΕΗΙΙ

239 1458 266 1547 2
280 1454 379 1551 Visus
390 1510 474 1552 eram
486 1489 571 1553 nerlii
582 1492 734 1551 recubans
745 1489 908 1552 Heliconis
918 1492 951 1551 in
961 1492 1079 1571 umbra,
1130 1456 1156 1551 3

323 1574 583 1654 Bellerophontei
594 1594 653 1653 qua
663 1575 733 1633 fluit
743 1576 854 1634 humor
867 1576 950 1653 equi,

282 1658 395 1737 Reges,
409 1658 498 1734 Alba,
509 1663 580 1716 taes
591 1664 624 1717 et
635 1676 743 1735 regam
755 1659 838 1719 faeta
849 1665 982 1736 tuorum,

325 1742 459 1801 Tantum
470 1742 587 1820 operis,
596 1744 701 1801 nervis
713 1743 836 1804 hiscere
848 1763 940 1824 passe
952 1742 1041 1819 meis,

246 1833 262 1883 5
283 1825 443 1903 Parvaque
455 1830 517 1885 tam
528 1827 646 1904 magnis
659 1825 816 1887 admoram
826 1827 964 1888 fontibus
976 1845 1040 1903 ora,

322 1907 414 1969 Unde
425 1915 516 1989 pater
527 1910 637 1970 sitiens
646 1910 766 1971 Ennius
778 1918 851 1971 ante
860 1912 950 1982 bibit,

281 1993 324 2053 lit
335 1994 435 2054 cecini
445 1994 557 2054 Garios
568 1995 686 2055 iratres
697 2002 731 2055 et
740 1996 872 2055 Horatia
881 1993 956 2075 pila,

322 2077 481 2158 Regiaque
492 2077 627 2139 Aemilia
636 2086 726 2139 reeta
735 2084 863 2159 tropaea
873 2084 952 2156 rate,

281 2160 500 2243 Victricesque
510 2183 611 2223 maras
622 2164 713 2224 Fabii
723 2183 916 2243 pugnamque
931 2165 1086 2225 sinistram

229 2253 263 2304 10
326 2247 521 2307 Cannensem
533 2253 566 2307 et
575 2265 683 2307 versos
695 2246 735 2306 ad
743 2250 794 2328 pia
805 2255 876 2307 vota
887 2246 973 2326 deos,

282 2329 550 2410 Hannibalemque
560 2331 657 2390 Lares
667 2331 805 2391 Romana
817 2331 893 2392 sede
904 2333 1057 2411 fugantes,

323 2415 453 2474 Anseris
465 2422 498 2475 et
513 2422 613 2476 tutum
622 2434 699 2475 voce
709 2416 807 2476 faisse
818 2416 937 2491 lovem3

283 2498 360 2558 Cum
372 2518 421 2560 me
434 2500 569 2561 Castalia
582 2498 744 2579 speculans
758 2519 796 2559 ex
806 2502 918 2560 arbore
929 2500 1074 2561 Phoebas

322 2582 374 2642 Sic
387 2585 430 2644 ait
442 2591 548 2644 aurata
558 2586 646 2644 nixus
658 2582 699 2642 ad
708 2589 797 2643 antra
808 2582 893 2662 lyra:

229 2673 262 2725 15
284 2665 448 2741 ‘Quidtihi
459 2666 605 2744 cumali,
620 2666 760 2745 demens,
771 2668 981 2728 eatflaminei
1003 2670 1115 2748 quiete

322 2750 476 2811 Carminis
486 2752 576 2810 heroi
588 2758 717 2828 tangere
728 2754 820 2811 iussit
830 2753 931 2831 opas?

280 2832 350 2891 Nan
361 2833 412 2892 hie
423 2831 488 2893 nlla
498 2834 557 2892 tibi
567 2831 722 2912 speranda
733 2841 782 2894 est
795 2835 886 2914 fama,
896 2835 1058 2917 Properti:

322 2914 434 2976 Mollia
445 2921 516 2976 sunt
527 2918 630 2996 parvis
640 2922 730 2995 prata
739 2918 873 2979 terenda
883 2922 972 2997 rotis,

280 3000 324 3061 Ut
335 3006 405 3060 tuas
416 3002 450 3059 in
461 3019 583 3060 scamno
593 3002 727 3062 iactetur
739 3021 832 3084 saepe
842 3002 981 3081 libellas,

228 3090 264 3142 20
327 3085 425 3161 Quem
436 3083 522 3162 legat
531 3091 698 3165 expectans
709 3085 775 3146 sala
786 3085 894 3168 puella
903 3089 1012 3149 virum.

152 3239 166 3261 ·
282 3168 346 3229 Gar
356 3174 408 3228 tna
418 3171 613 3250 praescripto
628 3177 753 3232 seveeta
762 3178 812 3230 est
821 3173 933 3252 pagina
946 3169 1047 3250 gyrat

321 3253 391 3313 Non
402 3261 450 3314 est
460 3255 579 3332 ingenii
591 3256 699 3333 cymba
710 3255 863 3334 gravanda
873 3257 930 3316 tui.

279 3335 373 3397 Alter
384 3356 488 3398 remus
499 3357 602 3418 aquas,
615 3338 695 3398 alter
706 3341 765 3398 tibi
775 3338 865 3399 radat
876 3357 1002 3398 arenas:

322 3422 423 3482 Tutus
436 3423 514 3482 eris:
536 3421 639 3481 medio
651 3424 779 3482 maxima
789 3424 882 3483 turba
892 3423 971 3483 mari
981 3425 1052 3482 est’

226 3510 260 3563 25
281 3504 419 3583 Dixerat,
432 3512 465 3565 et
474 3504 598 3585 plectro
610 3504 718 3564 sedem
728 3508 803 3566 milri
814 3512 967 3567 monstrat
978 3508 1108 3582 eburno,

321 3590 387 3666 Qua
398 3609 477 3650 nova
487 3607 626 3648 muscoso
639 3591 749 3649 semita
759 3591 841 3650 faeta
852 3588 921 3652 salo
932 3597 991 3653 est.

277 3672 338 3731 Hie
349 3679 418 3733 erat
430 3673 528 3732 affinis
539 3670 647 3732 viridis
659 3672 806 3752 spelunea
815 3672 944 3756 lapillis,
