2717 4325
236 252 247 321 i

200 403 242 467 48
529 402 673 462 l'lBULbl
695 402 764 464 ΗΒ.
781 403 830 463 lV.
849 418 873 468 1.

190 584 193 590 '
242 576 285 634 at
304 580 367 634 uon
385 591 444 656 per
466 571 574 631 dubias
595 578 703 632 errant
723 591 791 632 mea
810 573 943 635 earmina
963 573 1096 640 laudesr.

198 657 275 720 Nam
294 655 385 718 bellis
407 662 535 738 experta
557 675 642 716 cano.
665 657 755 716 testis
776 657 851 717 mihi
873 661 973 719 victae
1272 657 1273 672 ³

197 741 304 805 Fortis
326 741 471 823 Iapydiae
493 741 598 817 miles,
619 741 710 800 testis
733 761 855 821 quoque
877 741 972 803 fallax

198 828 390 905 Pannonius,
411 824 529 904 gelidas
548 824 661 904 passim
684 823 831 886 disiectus
852 828 885 886 in
907 825 1005 907 Alpes

199 911 306 972 Testis
325 911 473 989 Arupinis
495 915 528 969 et
548 927 666 988 pauper
689 916 777 970 natus
798 911 831 968 in
854 913 960 982 armis,
1162 929 1216 981 110
1272 915 1273 996 l

199 997 296 1071 Quem
318 995 346 1054 si
369 997 438 1074 quis
458 993 562 1053 videat
583 999 672 1052 vetus
690 998 724 1052 ut
745 1013 807 1052 non
828 994 961 1072 fregerit
981 1003 1081 1076 aetas,

200 1080 305 1139 Terna
323 1079 423 1139 minus
444 1076 551 1158 Pyliae
572 1080 703 1138 miretur
725 1077 846 1138 saecula
868 1079 974 1140 famae.

1272 1257 1273 1292 l

199 1164 332 1224 (lentum
353 1161 503 1224 fecundos
526 1163 620 1222 Titan
639 1164 834 1222 renovaverit
856 1182 967 1242 annos,

197 1248 266 1328 lpse
287 1254 389 1308 tamen
411 1247 500 1308 velox
521 1245 657 1307 celerem
680 1265 774 1327 super
796 1246 892 1308 edere
914 1267 1025 1329 oorpus

198 1330 322 1393 Gaudet
342 1351 453 1412 equum
475 1330 646 1410 validisque
665 1329 756 1392 sedet
775 1331 953 1393 moderator
972 1333 1111 1396 habenis.
1159 1347 1212 1400 115

198 1416 247 1476 Te
270 1415 348 1477 duee
370 1436 433 1477 non
455 1415 531 1476 alias
551 1433 717 1477 conversus
740 1422 829 1494 terga
850 1415 991 1477 domator

196 1501 311 1561 Libera
331 1501 486 1560 Romanae
506 1501 639 1561 subiecit
660 1498 742 1559 colla
764 1507 900 1560 catenae.

239 1584 304 1644 Neo
324 1592 426 1645 tamen
448 1585 497 1643 his
520 1589 683 1644 contentus
706 1584 785 1644 eris:
807 1586 923 1645 maiora
944 1587 1079 1664 peractis

196 1670 331 1746 Instant,
354 1674 545 1748 compertum
567 1673 615 1727 est
631 1668 793 1728 veracibus
814 1677 849 1729 ut
869 1670 945 1728 mihi
966 1670 1078 1748 signis,

197 1752 272 1828 Quis
294 1752 516 1830 Amythaonius
537 1757 673 1830 nequeat
695 1759 818 1812 certare
839 1751 1021 1833 Melampus.
1157 1763 1209 1817 120
1272 1773 1273 1830 l

195 1837 271 1897 Nam
293 1835 384 1896 modo
407 1833 578 1913 fulgentem
599 1835 697 1914 Tyrio
720 1837 912 1914 subtegmine
933 1843 1057 1898 vestem
1272 1835 1273 1844 ’

195 1919 343 1982 ludneras
367 1921 489 1981 oriente
510 1918 560 1980 die
579 1918 658 1981 duee
677 1919 792 1981 fertilis
815 1922 902 1998 anni,

196 2002 398 2084 Splendidior
419 2003 546 2084 liquidis
566 2023 635 2064 oum
657 2004 712 2066 Sol
734 2012 825 2085 capnt
846 2003 956 2064 extulit
977 2004 1066 2065 undis

195 2090 236 2149 Et
256 2089 323 2148 iera
341 2087 501 2149 discordes
522 2095 691 2150 tenuerunt
711 2091 833 2150 flamina
851 2090 953 2167 venti,

196 2175 297 2234 Curva
317 2194 376 2234 neo
398 2179 536 2234 assuetos
558 2181 691 2251 egerunt
711 2176 837 2234 flumina
861 2192 984 2252 curaru,
1155 2186 1204 2239 125

196 2259 278 2334 Quin
299 2258 440 2338 rapidum
460 2256 590 2337 placidia
613 2260 705 2318 etiam
726 2276 811 2318 mare
833 2255 973 2318 constitit
996 2258 1102 2338 undis,

195 2340 287 2402 Nulla
302 2357 367 2402 meo
389 2343 489 2401 aerias
508 2341 645 2422 volueris
665 2340 841 2423 perlabitur
862 2361 950 2402 auras

195 2427 261 2487 Neo
285 2424 461 2507 quadrupes
483 2424 594 2486 densas
618 2426 794 2507 depascitur
816 2446 925 2508 aspera
948 2425 1056 2507 silvas,

195 2512 276 2586 Quin
296 2510 409 2589 largita
431 2512 493 2571 tuis
515 2517 587 2571 sunt
608 2517 691 2571 muta
712 2510 837 2572 silentia
858 2512 946 2571 votis.

194 2595 333 2675 luppiter
354 2596 423 2676 ipse
444 2592 507 2655 levi
526 2601 635 2655 vectus
656 2597 839 2676 perinanis
861 2613 953 2655 curru

194 2680 293 2739 Alluit
315 2685 348 2739 et
369 2677 456 2739 eaelo
478 2680 611 2738 vicinum
632 2678 725 2757 liquit
747 2677 911 2757 Olympum

194 2764 377 2840 lntentaque
397 2764 458 2821 tuis
479 2764 625 2840 precibus
646 2780 680 2821 ae
701 2763 845 2840 praebuit
866 2779 939 2820 aure

195 2848 374 2925 (lunataque
394 2846 497 2905 ueraci
518 2847 619 2925 capite
641 2846 762 2904 annuit:
785 2843 906 2905 additus
929 2848 990 2907 aria

194 2931 321 2991 Laetior
336 2928 437 2989 eluxit
457 2935 592 2989 structos
614 2948 708 3009 super
728 2929 808 3007 ignia
830 2947 965 2991 acervos.

237 3016 317 3091 Quin
339 3015 485 3074 hortante
509 3012 567 3073 deo
590 3014 706 3093 magnis
728 3014 874 3073 insistere
897 3016 990 3075 rebus

196 3100 316 3180 lucipe:
335 3118 397 3159 non
419 3097 502 3158 idem
526 3097 583 3157 tibi
604 3099 667 3158 sint
688 3096 819 3177 aliisque
841 3099 998 3179 triumphi.

193 3182 263 3244 Non
284 3188 317 3243 te
337 3182 439 3242 vicino
460 3183 668 3243 remorabitur
691 3183 780 3243 obvia
800 3183 904 3243 Marte

194 3267 296 3329 Gallia
317 3285 375 3326 nee
395 3265 468 3327 latis
491 3265 587 3330 audax
607 3267 756 3347 Hispania
777 3268 871 3327 terris

194 3353 259 3413 Neo
279 3352 348 3411 fera
368 3351 512 3411 Theraeo
533 3349 627 3411 tellus
649 3354 774 3412 obssesa
796 3349 921 3427 colono,

194 3436 259 3496 Neo
282 3456 341 3516 qua
357 3434 409 3496 vel
430 3434 519 3496 Nilus
539 3433 591 3494 vel
612 3437 697 3513 regia
718 3434 844 3517 lympha
867 3434 1024 3515 Choaspes
1151 3445 1200 3498 rto

194 3521 327 3581 Profluit
348 3526 400 3580 aut
421 3519 563 3602 rapidus,
585 3519 660 3599 Gyri
683 3517 853 3598 dementia,
875 3517 1002 3599 Gyndes

194 3605 274 3664 Aret
293 3606 437 3666 Areoteis
458 3603 540 3666 baud
560 3624 621 3663 una
640 3622 698 3683 per
718 3606 795 3665 ostia
817 3604 946 3685 campis,

196 3688 260 3748 Nee
283 3709 341 3768 qua
363 3706 460 3770 regna
481 3709 557 3769 vago
581 3689 726 3768 Tomyris
747 3690 847 3749 finivit
870 3690 987 3755 Araxe,
