2717 4325
237 466 286 530 114
540 456 903 523 PROPERTII

328 630 522 711 llnmldaque
532 632 675 711 inpressa
685 628 820 689 siccabat
828 625 946 687 lnmlna
954 624 1037 705 lana,

368 714 502 777 Rettulit
511 720 544 775 et
555 711 687 794 querulo
698 712 798 791 iurgia
807 718 916 772 nostre
925 711 1026 772 sonci

330 798 868 877 ‘Hacctetestemlbipromissaest
878 795 1222 875 nygdamemeroest

275 896 310 948 20
372 886 430 945 Eat
442 902 561 965 poenae
573 900 662 942 servo
674 898 820 961 rumpere
830 886 913 939 teate
922 879 1027 942 iidem.

330 966 387 1029 llle
397 974 502 1048 potest
510 964 598 1027 nullo
609 968 753 1026 mierum
763 982 813 1025 me
821 962 967 1043 linquere
977 966 1071 1043 facto,

369 1050 539 1131 Aequalem
549 1048 636 1112 nulla
646 1050 753 1110 dicere
764 1050 881 1109 babere
892 1048 993 1110 domo.

330 1134 453 1197 Gaudet
464 1153 514 1195 me
523 1154 618 1196 vacuo
629 1133 728 1195 solam
737 1135 900 1194 tabecere
909 1131 1004 1194 lecto.

370 1221 404 1280 Si
413 1218 527 1300 placet,
539 1218 679 1297 insultet,
689 1216 856 1296 Lygdum,
867 1223 968 1276 morte
980 1235 1056 1279 mea.

276 1314 309 1366 25
329 1305 400 1366 Non
410 1322 459 1364 me
470 1304 606 1364 moribus
616 1300 681 1380 illa,
692 1301 749 1362 sed
758 1302 866 1361 herbis
877 1302 1017 1381 improba
1025 1301 1116 1362 vicit:

370 1388 526 1449 Staminea
535 1388 658 1447 rhombi
670 1385 793 1446 ducitur
801 1382 859 1444 ille
869 1390 947 1446 rota.

330 1470 420 1534 illum
430 1472 584 1550 turgentis
596 1488 689 1531 ranae
699 1473 847 1550 portenta
856 1469 986 1529 rubetae

370 1558 413 1618 Et
422 1554 507 1617 lecta
518 1556 633 1615 exectis
645 1555 794 1632 anguibus
805 1571 875 1613 οιιι
882 1554 1019 1615 trabunt.

330 1642 373 1701 Et
382 1640 488 1718 strigis
498 1642 641 1699 inventae
653 1656 712 1717 per
723 1639 814 1698 busta
823 1638 957 1698 iacentia
966 1636 1099 1718 plumae,

277 1734 312 1789 30
374 1724 545 1802 Cinctaque
555 1722 681 1781 funesto
691 1720 781 1781 lanea
790 1722 868 1781 vitta
877 1726 958 1783 toro.

330 1809 365 1870 Si
374 1827 437 1868 non
446 1826 523 1867 vana
534 1812 646 1868 canunt
657 1823 726 1866 mca
735 1806 863 1883 somnio,
873 1804 1041 1885 Lygdame,
1050 1810 1167 1887 testor,

371 1891 477 1951 Poena
487 1893 549 1951 erit
560 1896 631 1951 unte
641 1910 728 1951 meos
738 1910 819 1968 sera,
829 1888 886 1950 sed
897 1889 1006 1971 ampla,
1015 1889 1126 1971 pedes,

331 1976 436 2036 Putris
448 1981 481 2035 et
491 1977 524 2034 in
534 1995 628 2035 vacuo
639 1982 764 2035 texetur
775 1992 887 2035 manee
895 1973 995 2035 lecto:

372 2060 520 2120 Noctibus
531 2058 654 2125 illorum
668 2059 803 2119 dormiet
812 2059 879 2139 ipsa
888 2058 1019 2122 Venus?

276 2153 310 2209 35
332 2146 417 2224 Quae
431 2144 491 2205 tibi
502 2144 622 2205 siveris
634 2145 742 2205 animis
754 2148 802 2205 est
815 2149 924 2223 questa
933 2141 1048 2225 puella,

363 2230 438 2303 ¹Hac
449 2226 559 2289 eadem
568 2247 686 2307 rursus,
697 2226 863 2308 Lygdum,
876 2247 967 2288 curre
978 2230 1027 2289 via

330 2315 372 2374 Et
384 2332 454 2373 mea
465 2333 533 2372 cum
544 2310 649 2373 multis
660 2311 796 2373 lacrimis
807 2311 949 2372 mundata
959 2318 1097 2392 reporta,

372 2397 461 2474 lram,
472 2415 535 2456 non
545 2396 670 2457 fraudes
683 2415 752 2457 esse
762 2399 796 2456 in
807 2414 911 2456 amore
920 2415 999 2458 mco.

331 2481 386 2543 Me
399 2499 521 2560 quoque
533 2480 686 2542 consimili
696 2481 864 2561 inpositum
875 2481 1053 2560 torquerier
1062 2480 1128 2558 igni

278 2573 313 2628 40
373 2566 481 2625 lurabo
494 2572 527 2625 et
537 2566 585 2625 bis
595 2584 650 2625 scr
659 2568 784 2644 integer
794 2583 864 2626 esse
876 2564 953 2627 dies.

332 2647 422 2726 Quod
433 2650 508 2710 mihi
519 2650 546 2709 si
557 2655 643 2710 tauto
653 2648 730 2710 felix
740 2647 906 2710 concordia
915 2647 1001 2711 bello

372 2733 532 2810 limitent,
546 2752 605 2813 per
615 2752 675 2812 mo,
686 2732 853 2813 Lygdume,
863 2731 945 2794 liber
955 2734 1027 2796 eris.

287 2865 314 2958 ll
329 2862 416 2978 Ergo
429 2898 581 2961 sollicitae
592 2904 627 2958 tu
638 2918 738 2978 causa,
752 2904 892 2980 pecunia,
903 2903 984 2963 vitae
995 2917 1047 2960 es:
1173 2862 1198 2955 7

371 2983 433 3043 Per
444 2990 477 3044 te
488 2985 672 3044 inmaturum
683 2986 791 3046 mortis
804 2984 919 3046 adimus
929 2988 1001 3046 lter.

332 3068 475 3128 Turitiis
485 3069 642 3130 hominum
652 3067 791 3129 crudelia
800 3068 912 3149 pabula
922 3071 1070 3149 praebes:

373 3152 497 3212 Semina
508 3173 650 3214 curarum
660 3153 701 3216 do
713 3155 815 3234 capite
826 3158 894 3215 orta
904 3160 967 3215 tuo.

293 3244 310 3298 5
333 3235 382 3296 Tu
392 3236 522 3297 Paetum
533 3237 572 3298 ad
582 3238 713 3300 Pharios
724 3236 906 3298 tendentem
915 3236 1015 3298 lintea
1025 3240 1133 3317 portus

372 3323 485 3382 Obruis
496 3323 602 3383 insano
614 3329 726 3402 terque
738 3329 909 3403 quaterque
920 3323 1005 3382 mari.

329 3403 406 3466 Nam
419 3403 490 3466 dum
502 3413 536 3466 te
547 3408 698 3485 seqnitur,
709 3409 810 3486 primo
821 3408 915 3467 miser
927 3404 1043 3468 excidit
1054 3420 1126 3465 aevo

370 3490 412 3550 Et
422 3510 500 3551 nova
510 3487 688 3568 longinquis
698 3492 834 3570 piscibus
846 3509 916 3552 esca
926 3496 1022 3568 natat,

218 3607 221 3612 v
313 3579 320 3612 ³
328 3574 371 3635 Et
381 3581 480 3635 mater
491 3594 553 3634 non
563 3574 644 3633 iusta
653 3576 724 3654 piao
735 3574 810 3636 dare
822 3574 927 3637 debita
938 3583 1044 3636 terrae

278 3665 312 3718 10
372 3657 438 3719 Nec
448 3664 523 3738 pote
535 3663 681 3738 cognatos
692 3658 776 3720 inter
785 3661 914 3721 humare
925 3678 1030 3738 rogos,

330 3739 394 3802 Sed
407 3747 460 3800 tua
471 3760 552 3802 nnnc
564 3740 706 3804 volucres
717 3749 818 3804 astant
828 3763 923 3825 super
934 3763 1003 3803 ossa
1013 3741 1153 3818 murhae,
