2717 4325
239 436 283 503 88
535 432 903 499 rnordnril

323 604 386 670 Vel
397 612 433 665 tu
443 603 604 685 Sisyphios
614 602 693 664 licet
703 602 858 686 admirere
868 600 1005 684 labores,

366 687 504 751 iliifioilc
517 694 553 747 ut
563 695 630 748 toto
641 693 746 748 monte
757 684 878 747 volutet
889 707 982 747 onus:

324 775 439 835 Durius
450 772 589 832 interris
600 769 681 831 nihil
691 776 741 831 est
752 769 836 851 quod
844 772 926 831 vivut
936 778 1067 850 umente,

271 867 306 921 10
366 857 443 935 Nec,
454 856 545 917 modo
558 856 585 915 si
596 856 707 937 sapias,
718 852 912 934 quodminus
924 873 994 915 esse
1004 853 1094 919 velis.

324 942 423 1020 Quem
433 940 525 1001 modo
535 937 663 999 felicem
672 938 788 1000 invidia
798 937 970 1001 admirante
981 939 1141 1019 ferebant,

364 1025 453 1085 Nunc
464 1023 585 1085 decimo
598 1022 744 1084 admittor
754 1024 804 1082 vix
815 1040 874 1101 ego
886 1041 1010 1101 quoque
1021 1023 1081 1085 die.

323 1110 413 1171 Nunc
423 1111 527 1169 iacere
539 1126 557 1169 a
570 1106 648 1169 duro
659 1126 772 1187 corpus
782 1108 876 1183 iuvat,
889 1108 993 1187 impia,
1004 1126 1086 1186 saxo,

365 1194 496 1253 Sumere
506 1193 584 1253 etin
594 1198 717 1252 nostras
727 1192 803 1252 trita
812 1208 932 1252 venenu
941 1209 1064 1251 manus:

272 1285 304 1339 15
325 1277 392 1339 Nec
402 1276 480 1337 licet
489 1278 523 1336 in
533 1276 633 1335 triviis
645 1276 727 1335 icca
736 1276 938 1354 requiescere
948 1272 1021 1334 luna

364 1362 428 1421 Aut
437 1378 496 1442 per
506 1361 636 1421 rimosas
646 1360 773 1419 mittere
784 1360 879 1419 verbu
888 1358 983 1419 fores.

325 1443 417 1523 Quod
428 1445 564 1524 quamvis
574 1446 618 1503 iia
628 1445 679 1522 sit,
691 1442 846 1503 dominam
855 1448 975 1502 mutare
988 1443 1117 1503 cavebo:

366 1529 447 1590 Tum
457 1530 557 1607 flebit,
569 1547 638 1587 cum
647 1529 681 1586 in
691 1546 741 1586 me
752 1527 889 1587 senserit
899 1544 968 1586 esse
978 1524 1083 1587 iidem.

251 1658 308 1756 ld
324 1661 479 1757 ilssiduae
490 1691 594 1753 multis
606 1692 711 1753 odium
720 1712 877 1774 peperere
889 1691 1066 1774 querellae:
1142 1658 1199 1752 18

364 1779 533 1857 Frangitur
542 1778 576 1836 in
585 1778 682 1837 tacito
693 1777 810 1837 femina
819 1797 913 1860 saepe
924 1780 1000 1839 viro.

322 1862 357 1924 Si
368 1861 443 1943 quid
455 1860 572 1939 vidisti,
586 1879 710 1941 semper
719 1861 834 1922 vidisse
846 1869 974 1943 negato:

361 1949 425 2008 Aut
436 1948 463 2007 si
474 1944 550 2026 quid
562 1943 662 2005 doluit
672 1946 768 2024 forte,
780 1945 889 2007 dolere
899 1965 987 2025 nega.

282 2038 300 2091 0
323 2029 406 2110 Quid
418 2032 445 2091 si
458 2032 519 2091 iam
532 2031 617 2090 cauis
628 2035 714 2090 aetus
724 2048 792 2091 mea
804 2030 934 2091 candeat
945 2032 1042 2107 annis,
1053 2045 1066 2056 ·’

360 2116 403 2180 Et
416 2115 511 2177 faciat
523 2116 634 2176 scissas
645 2111 792 2193 languida
802 2134 879 2195 ruga
888 2115 1005 2195 genas?

319 2201 363 2262 At
371 2220 435 2260 non
448 2200 579 2261 Tithoni
589 2218 742 2280 spernens
753 2200 874 2261 Aurora
885 2206 1043 2260 senectam

352 2285 525 2345 llesertum
536 2284 603 2343 an
612 2301 703 2362 passa
712 2284 816 2342 iacere
829 2283 920 2343 domo
932 2290 997 2343 est:

318 2364 409 2427 illum
420 2385 512 2447 saepe
524 2368 587 2426 suis
600 2363 757 2426 decedens
767 2367 846 2426 fovit
855 2369 889 2427 in
899 2365 992 2446 ulnis,

266 2460 301 2513 10
363 2451 461 2527 Quam
470 2452 558 2531 prius
570 2448 732 2510 adiunctos
743 2449 851 2510 sedule
861 2448 936 2512 lavit
946 2469 1059 2531 equos:

317 2533 408 2595 Illum
419 2535 458 2595 ad
467 2535 585 2595 vicinos
596 2554 665 2594 cum
676 2531 818 2613 amplexa
828 2536 1006 2613 quiesceret
1016 2531 1118 2611 indos,

358 2620 500 2680 Maturus
511 2620 627 2680 iterum
638 2623 688 2679 est
698 2626 808 2696 questu
818 2617 925 2678 redire
937 2617 1015 2680 dies.

317 2699 373 2763 illu
383 2702 460 2762 deos
472 2722 597 2762 currum
612 2701 824 2762 conscendens
837 2701 915 2762 dixit
924 2703 1057 2782 iniquos,

357 2787 490 2846 Invitum
501 2790 534 2845 et
543 2785 640 2844 terris
650 2787 810 2864 praestitit
819 2785 973 2861 officium

262 2878 297 2931 15
319 2870 377 2929 Gui
388 2869 505 2928 maiora
517 2869 601 2928 senis
613 2866 744 2927 Tithoni
755 2869 865 2946 gaudia
874 2871 945 2948 vivi,

358 2953 456 3029 Quam
467 2952 566 3031 gravis
578 2952 689 3011 amisso
700 2951 869 3014 Memnone
880 2951 981 3015 lucius
994 2958 1071 3015 erut.

316 3036 394 3097 Gom
407 3053 483 3096 sene
493 3054 557 3098 nou
567 3033 679 3116 puduit
688 3034 783 3096 talem
794 3036 931 3098 dormire
940 3035 1076 3118 puellam

356 3120 399 3181 Et
410 3137 504 3180 canae
515 3121 631 3180 totiens
644 3117 751 3180 oscula
760 3121 848 3181 ferre
860 3140 973 3183 comae.

314 3204 358 3265 At
367 3211 402 3264 tu
414 3205 506 3265 ctiam
518 3206 660 3265 iuvenem
671 3203 766 3265 odisti
776 3224 837 3283 me,
848 3204 979 3285 perfida,
992 3224 1061 3265 cum
1070 3204 1113 3264 sis

262 3296 298 3350 00
358 3289 428 3369 Ipsa
438 3308 513 3349 anus
524 3288 607 3349 haud
616 3287 710 3366 longa
721 3308 814 3349 curm
824 3289 930 3350 lutura
941 3288 1002 3350 die.

315 3373 398 3450 Quin
408 3392 466 3453 ego
481 3373 625 3434 deminuo
638 3391 753 3451 curam,
769 3372 853 3452 quod
863 3368 1091 3454 saepe,0upido

351 3458 436 3519 'Huic
447 3457 543 3518 malus
556 3473 626 3517 esse
638 3453 729 3533 solet,
742 3458 792 3518 cui
801 3459 901 3518 bonus
913 3463 984 3517 ante
995 3456 1066 3519 fuit.

244 3587 295 3684 ll
315 3586 407 3684 Nunc
419 3627 512 3686 etiam
521 3624 657 3688 infectos
669 3625 797 3687 demens
807 3627 930 3688 imitare
943 3625 1119 3700 Britannos,

353 3707 451 3769 Ludis
461 3717 494 3770 ot
505 3717 633 3770 externo
643 3711 743 3772 tincta
752 3713 856 3772 nitore
868 3709 983 3792 caput?
