2717 4325
156 426 197 491 58
445 422 638 487 cliuum
661 420 794 529 cdliii.
816 433 862 488 68.

241 594 359 674 ‘Saepe
380 592 463 653 illam
483 590 584 651 audivi
603 590 717 652 iurtiva
733 609 809 651 vace
829 590 1008 670 loquentem

282 676 383 737 Solam
399 696 469 738 eum
491 674 612 735 ancillis
633 676 710 735 haec
730 694 786 735 sua
803 676 935 753 flagitia,

240 762 370 821 Numine
392 759 547 819 dicentem
568 778 644 837 quun
665 758 813 835 diximus,
834 766 869 819 ut
888 765 962 839 pate
984 780 1062 839 quae
1083 764 1123 821 mi

282 845 396 924 Speret
416 861 473 902 nec
495 842 627 921 linguam
647 860 717 902 esse
737 861 796 902 nec
814 842 991 902 auriculam.

188 938 222 990 45
244 929 409 988 Praeterea
429 924 563 986 addebat
585 924 753 1004 quendam,
775 944 865 1005 quem
887 924 994 987 dicere
1012 925 1085 987 nolo

280 1012 427 1086 Nomine,
445 1028 485 1069 ne
507 1008 597 1069 tollat
616 1011 711 1069 rubra
732 1006 906 1088 supercilia.

239 1094 363 1172 Longus
383 1095 473 1153 homo
496 1099 561 1169 est,
583 1111 707 1170 magnas
729 1093 801 1171 quoi
818 1091 893 1153 lites
913 1092 1020 1154 intulit
1040 1094 1114 1156 clim
1147 1156 1157 1171 ,

278 1176 401 1238 Falsum
423 1174 563 1237 mendaci
586 1184 696 1237 ventre
716 1179 938 1256 puerperium!

569 1374 728 1439 LXVIII.

241 1462 334 1566 lluod
356 1494 430 1553 milri
449 1494 573 1553 fortuna
594 1508 726 1567 casuque
747 1510 912 1571 oppressus
933 1495 1045 1554 acerbo

282 1578 497 1656 Cunscriptum
518 1576 577 1637 hoe
598 1572 734 1634 lacrimis
754 1576 850 1635 mittis
871 1577 1058 1657 epistolium,

237 1661 422 1737 Naufragum
443 1665 477 1719 ut
498 1660 629 1720 eiectum
651 1661 861 1736 spumantibus
882 1663 1024 1739 aequoris
1045 1661 1134 1721 undis

281 1742 446 1805 Sublevem
467 1748 537 1802 eta
558 1742 665 1800 mortis
687 1738 794 1801 limine
814 1744 985 1821 restituam,

197 1838 213 1887 5
236 1828 331 1904 Quem
352 1844 453 1904 neque
476 1831 580 1885 sancta
602 1824 705 1883 Venus
726 1823 811 1884 molli
830 1828 1028 1904 requiescere
1050 1848 1155 1889 somno

279 1911 443 1971 Desertum
463 1910 496 1969 in
519 1905 603 1968 lecto
623 1907 741 1968 caelibe
762 1910 949 1989 perpetitur,

237 1993 302 2054 Nec
325 2000 465 2053 veterum
487 1990 572 2052 dulci
592 1992 777 2071 scriptorum
799 1994 934 2054 carmine
955 1994 1065 2055 Musae

278 2076 459 2154 0blectnnt,
482 2094 550 2135 cum
570 2092 656 2135 mens
677 2076 765 2135 auxia
783 2073 959 2155 pervigilat,

238 2160 271 2222 ld
293 2168 411 2240 gratum
434 2167 483 2221 est
504 2159 596 2234 mihi,
617 2177 665 2218 mc
689 2160 830 2238 quoniam
845 2160 903 2220 tibi
923 2158 1001 2223 dicis
1017 2161 1154 2240 amicum,
1282 2119 1285 2164 ¹.

187 2255 220 2306 lo
282 2246 475 2323 Muneraque
497 2249 530 2302 et
549 2242 707 2302 Musarum
728 2243 800 2305 hinc
821 2245 901 2321 petis
920 2250 954 2303 et
973 2245 1122 2318 Veneris:

239 2327 301 2389 Sed
320 2329 377 2387 tibi
396 2346 436 2387 ne
457 2345 526 2386 mea
546 2326 609 2385 sint
628 2325 734 2402 ignota
755 2326 962 2404 incommoda,
981 2327 1090 2405 Manli,

277 2412 344 2471 Neu
366 2429 415 2471 me
437 2410 540 2470 odisse
561 2414 651 2488 putes
672 2409 803 2489 hospitis
825 2409 970 2488 cilicium,

237 2495 369 2574 Accipe,
393 2495 461 2573 quis
482 2510 602 2553 merser
623 2492 767 2552 furtunae
789 2492 932 2553 fluctibus
951 2495 1030 2574 ipse,

278 2578 325 2638 Ne
347 2575 476 2657 amplius
498 2597 515 2637 a
535 2577 650 2636 misero
671 2574 752 2634 dona
773 2570 863 2636 beata
883 2583 981 2655 petas.

180 2670 213 2722 1:⁶2
235 2661 390 2740 Tempore
412 2679 471 2738 quo
490 2661 622 2739 primum
642 2660 737 2718 vestis
758 2660 834 2719 mihi
854 2658 969 2720 tradita
985 2679 1062 2741 pura
1081 2669 1139 2738 est,

277 2742 444 2803 Iucundum
464 2749 637 2806 namnetas
658 2741 768 2801 florida
787 2760 842 2801 ver
863 2750 981 2821 ageret,

235 2825 337 2887 Multa
357 2827 431 2886 satis
452 2823 528 2885 lusi:
550 2843 612 2884 uon
632 2830 682 2884 est
701 2823 760 2884 dea
781 2826 885 2886 nescia
905 2828 1016 2906 nestri,

278 2911 362 2985 Quae
384 2906 506 2968 dulcem
526 2908 607 2967 curis
626 2908 737 2968 miscet
756 2909 943 2970 amaritiem:

235 2992 298 3053 Sed
319 2999 418 3052 totum
437 2992 496 3053 hoe
518 2989 649 3050 studium
672 2990 757 3052 luctu
776 2992 915 3053 fraterna
935 2994 1009 3054 mihi
1030 3014 1112 3056 mors

180 3085 215 3138 20
275 3074 422 3138 Abstulit.
445 3094 462 3134 ο
485 3075 598 3135 misero
616 3073 715 3134 frater
735 3075 879 3155 adempte
899 3078 985 3154 mihi,

237 3159 287 3220 Τιι
307 3165 427 3219 meatu
448 3159 583 3217 moriens
605 3157 727 3237 fregisti
748 3157 920 3239 commoda,
941 3160 1052 3237 irater,

279 3242 396 3302 Tecum
417 3261 476 3302 una
498 3247 564 3312 tota
583 3248 632 3300 est
652 3249 757 3301 nostra
779 3240 1040 3322 sepulta¹domus,
1154 3248 1158 3259 '

240 3327 348 3386 Omnia
369 3333 470 3386 tecum
492 3343 551 3383 una
571 3325 734 3404 perierunt
752 3325 861 3403 gaudia
880 3333 997 3405 nostra,

277 3410 362 3485 Quae
384 3416 454 3469 tuus
476 3409 507 3466 in
528 3409 589 3467 vita
608 3407 706 3473 dulcis
728 3406 829 3469 alebat
850 3430 944 3472 amur.

178 3505 211 3556 25
234 3493 327 3554 Cuius
349 3511 406 3572 ego
426 3492 556 3552 interitu
577 3497 641 3552 tota
663 3490 702 3551 de
722 3500 826 3553 mente
847 3494 948 3573 fugavi

179 3611 183 3620 ·
278 3578 364 3638 Haec
384 3575 484 3636 studia
506 3581 597 3653 atque
619 3577 717 3636 omnis
738 3575 865 3638 delicias
886 3577 986 3636 animi.

237 3663 355 3739 Quare,
378 3658 459 3740 quad
478 3654 589 3719 scribis
607 3659 751 3722 Veronae
770 3666 861 3742 turpe
878 3657 1001 3735 Catulla
