2717 4325
525 399 670 460 TlBUbbl
690 400 758 460 blB.
774 400 796 461 l.
815 412 840 466 5.

663 613 704 678 V.

180 701 285 809 llsper
308 748 392 790 eram
415 734 448 789 et
469 730 551 790 bene
575 728 738 792 discidium
761 749 810 790 me
831 730 918 792 ferre
940 731 1106 813 loquebar:

220 814 263 873 At
280 814 356 873 mibi
377 832 460 873 nunc
480 812 573 891 longe
592 813 692 892 gloria
711 815 803 875 fortis
827 816 921 876 abest.
1149 867 1151 874 .

178 898 314 977 Namque
337 916 427 976 agor,
449 903 485 958 ut
504 915 562 978 per
581 896 672 978 plana
694 899 773 960 citus
792 895 859 959 sola
881 902 1013 961 verbere
1034 903 1165 984 turben,

221 983 320 1058 Quem
341 979 429 1042 celer
451 988 574 1042 assueta
592 991 695 1042 versat
717 985 754 1043 ab
777 989 844 1043 arte
864 1004 952 1065 puer.

177 1068 242 1127 Ure
265 1067 367 1127 lerum
389 1073 422 1127 et
443 1073 572 1145 torque,
594 1063 691 1127 libeat
711 1085 752 1126 ne
772 1065 878 1128 dicere
899 1071 1061 1148 quicquam
1167 1079 1183 1133 5

219 1150 418 1230 Magnificum
440 1151 626 1230 posthaec:
647 1149 775 1211 borrlda
796 1153 890 1213 verba
913 1152 1010 1214 doma.

178 1236 275 1296 Parce
297 1240 417 1312 tamen,
438 1252 497 1315 per
515 1240 548 1294 te
570 1235 677 1294 furtivi
700 1235 830 1295 foedera
849 1234 943 1314 lecti,

219 1319 281 1378 Per
301 1319 459 1382 Venerem
482 1337 596 1399 quaeso
620 1321 883 1399 compositumque
905 1331 1004 1402 caput.

177 1401 234 1464 llle
255 1421 331 1481 ego,
350 1422 419 1463 cum
439 1404 523 1463 tristi
543 1404 651 1463 morbo
673 1402 797 1464 defessa
820 1405 957 1483 iaceres,

220 1487 269 1547 Te
290 1486 379 1547 dicor
400 1488 479 1547 votis
500 1488 653 1567 eripuisse
674 1489 768 1566 meis,

175 1574 307 1652 ipseque
328 1578 362 1631 te
385 1573 501 1632 circum
522 1568 652 1632 lustravi
673 1570 794 1634 sulfure
814 1592 909 1652 puro,

217 1657 362 1717 Carmine
382 1675 449 1716 cum
472 1657 588 1734 magico
609 1657 836 1736 praecinuisset
858 1676 945 1717 anus:

173 1743 243 1822 lpse
265 1741 428 1820 procuravi
448 1758 489 1800 ne
510 1746 638 1820 possent
660 1759 750 1800 saeva
771 1759 886 1801 nocere

217 1825 356 1902 Somnia,
377 1828 428 1883 ter
449 1830 553 1884 sancta
576 1822 792 1885 deveneranda
810 1824 907 1886 mola:

173 1909 243 1988 lpse
266 1927 323 1988 ego
345 1906 463 1969 velatus
484 1906 537 1967 iilo
559 1910 734 1988 tunicisque
756 1906 865 1970 solutis

216 1993 297 2054 Vota
319 2011 427 2052 novem
449 1992 574 2053 Triviae
595 1998 688 2053 nocte
710 1991 823 2053 silente
845 1991 926 2052 dedi.

174 2077 283 2137 Omnia
303 2075 455 2156 persolvi:
478 2077 593 2159 fruitur
614 2095 696 2137 nunc
716 2075 796 2136 alter
817 2096 936 2154 amore,

215 2161 257 2221 Et
277 2161 423 2241 precibus
444 2159 523 2221 felix
545 2163 643 2221 utitur
662 2159 721 2220 ille
743 2161 830 2221 meis.

172 2248 215 2307 At
236 2246 312 2305 mibi
334 2244 458 2305 felicem
479 2248 590 2323 vitam,
611 2246 638 2306 si
659 2243 741 2305 salva
762 2246 891 2324 luisses,

214 2329 385 2407 Fingebam
408 2329 552 2407 demens,
574 2327 630 2388 sed
652 2336 804 2389 renuente
827 2326 897 2389 deo.

173 2415 255 2473 Rura
277 2412 392 2491 colam,
414 2413 598 2492 frugumque
622 2412 725 2473 aderit
745 2431 813 2474 mea
834 2410 923 2472 Delia
942 2418 1061 2490 eustos,

215 2500 298 2558 Area
318 2495 390 2557 dum
411 2516 529 2558 messes
552 2496 619 2557 sole
641 2494 764 2557 calente
785 2502 887 2574 teret,

173 2586 236 2641 Ant
258 2576 334 2641 mibi
356 2582 491 2641 servabit
511 2580 615 2662 plenis
635 2583 669 2641 in
688 2579 833 2640 lintribus
854 2599 925 2640 uvas

143 2706 146 2711 -
215 2666 389 2745 Pressaque
405 2663 507 2726 veloci
529 2664 658 2727 candida
680 2672 779 2725 musta
799 2662 896 2745 pede,

173 2750 366 2810 Consuescet
385 2769 549 2810 numerare
570 2769 683 2830 pecus,
706 2756 888 2810 consuescet
909 2747 1037 2807 amantis

216 2832 366 2895 Garrulus
386 2835 419 2893 in
440 2834 582 2895 dominae
602 2834 712 2897 ludere
735 2851 828 2894 verna
849 2834 926 2892 sinu.

173 2917 230 2977 Illa
252 2917 311 2978 deo
334 2920 412 2978 sciet
431 2919 586 2999 agricolae
609 2939 666 3000 pro
689 2920 801 2978 vitibus
822 2935 924 2995 uvam,

214 3004 275 3063 l'ro
297 3010 404 3081 segete
428 3005 545 3083 spicas,
564 3023 621 3082 pro
644 3021 740 3081 grege
760 3002 847 3062 ferre
871 2999 988 3081 dapem.

173 3085 229 3146 llla
251 3094 339 3166 regat
360 3093 505 3164 cunctos,
527 3085 576 3147 illi
597 3088 661 3145 sint
679 3086 779 3146 omnia
801 3103 907 3144 curae:

218 3173 258 3230 at
278 3174 362 3231 iuvet
382 3172 415 3230 in
437 3176 506 3229 tota
526 3190 576 3230 me
597 3169 676 3230 nihil
697 3188 767 3230 esse
790 3168 890 3231 domo.
1142 3178 1175 3226 {io

172 3256 242 3315 Huc
263 3255 367 3315 veniet
388 3252 525 3315 Messala
545 3272 648 3332 mens,
672 3256 721 3313 cui
744 3252 845 3313 dulcia
866 3271 956 3334 poma

215 3337 305 3399 Delia
327 3336 455 3399 selectis
476 3338 621 3399 detrabat
639 3338 816 3398 arboribus:

171 3426 214 3484 ut
234 3430 352 3484 tantum
373 3430 521 3484 venerata
541 3425 655 3499 virum,
675 3424 757 3481 bunc
781 3419 889 3482 sedula
909 3427 1013 3497 curet,

214 3508 295 3568 Huic
316 3514 408 3587 paret
429 3515 522 3588 atquc
545 3506 651 3588 epulas
672 3507 740 3586 ipsa
761 3507 902 3567 ministra
921 3510 1016 3583 gerat.

171 3592 257 3652 Haec
275 3593 350 3651 mibi
368 3592 537 3671 fingebam,
562 3610 640 3672 qnae
662 3610 744 3651 nunc
765 3591 927 3667 Eurusque
949 3588 1108 3665 Notusque
1143 3593 1176 3647 bb

213 3678 310 3736 lactat
330 3675 475 3738 odoratos
497 3684 567 3738 vota
589 3694 647 3756 per
668 3676 843 3739 Armenios.
