2717 4325
183 445 224 508 42
373 442 519 504 'l'lBUbLl
541 440 746 520 (uiduam)
769 440 838 503 blB.
857 441 906 503 lll.
924 453 949 505 5.
965 451 991 506 6.

225 615 320 693 Impia
341 615 375 673 in
396 611 541 672 adversor
563 609 707 671 solbimus
729 629 783 671 ora
805 609 895 671 deosz

181 698 224 760 Et
244 697 380 757 nondum
399 698 467 756 cani
488 697 594 774 nigros
612 694 736 754 laesere
759 693 903 776 capillos,

223 782 289 845 Nec
307 783 393 842 venit
413 778 503 840 tardo
525 799 617 839 curva
637 786 764 839 senecta
784 778 875 861 pede.

182 865 324 927 Natalem
345 867 445 945 primo
468 871 609 924 nostrum
629 862 737 923 videre
756 869 919 944 parentes,

229 950 305 1011 Cum
328 947 441 1009 cecidit
463 949 528 1009 lato
548 947 656 1008 consu]
677 953 812 1027 uterque
832 950 909 1028 pari.

184 1033 268 1111 Quid
289 1033 436 1094 fraudare
454 1035 538 1094 iuvat
558 1033 654 1093 vitem
674 1034 887 1092 crescentibus
907 1035 972 1094 uvis

225 1119 267 1178 nt
290 1117 381 1178 modo
402 1124 474 1178 nata
495 1113 576 1178 mala
595 1114 715 1178 vellere
737 1135 826 1196 poma
847 1117 958 1178 manu?

184 1203 326 1282 Parcite,
347 1201 503 1283 pallentes
524 1201 623 1261 undas
646 1202 822 1281 quicunqne
844 1202 958 1261 tenetls

226 1285 373 1366 Duraque
393 1286 498 1347 sortiti
518 1287 613 1346 tertia
633 1303 729 1364 regna
752 1284 812 1345 dei.

182 1367 308 1448 Elysios
330 1370 403 1432 olim
426 1369 522 1430 liceat
542 1388 731 1448 cognoscere
752 1387 873 1449 campos

226 1454 457 1534 Lethaeamque
477 1460 577 1515 ratem
597 1455 845 1532 Cimmeriosque
862 1450 963 1530 lacus,

183 1540 262 1600 (ium
283 1559 351 1600 mea
369 1558 481 1617 rugosa
502 1537 666 1619 pallebunt
688 1557 743 1597 ora
764 1543 889 1598 senecta

226 1623 268 1682 ut
288 1623 425 1682 referam
445 1623 551 1701 pneris
572 1629 714 1701 tempore
737 1622 838 1701 prisca
860 1640 962 1684 senex.

183 1707 287 1785 Atque
309 1707 426 1767 utinam
445 1725 521 1766 vano
542 1706 748 1785 nequicquam
770 1711 892 1765 terrear
912 1706 1013 1767 aestu!

226 1791 389 1869 Languent
409 1794 460 1849 ter
483 1791 592 1868 quinos
615 1788 670 1851 sed
694 1808 762 1849 mea
783 1791 921 1851 membra
942 1789 1017 1850 dies.

185 1874 227 1934 At
249 1876 337 1934 vobis
360 1874 482 1933 Tuscae
505 1872 706 1936 celebrantur
729 1874 853 1934 numina
874 1873 1019 1956 lymphae

225 1959 268 2020 Et
289 1956 390 2019 facilis
411 1956 496 2018 lenta
516 1957 646 2039 pellitur
668 1959 750 2035 unda
771 1977 870 2020 manu.

184 2042 290 2103 Viuite
309 2041 438 2120 felices,
460 2061 614 2104 memores
634 2052 667 2106 et
684 2045 776 2105 vivite
799 2045 918 2122 nostri,

229 2127 299 2189 Sive
322 2128 437 2189 erimus
460 2146 515 2189 seu
536 2148 592 2190 nos
614 2130 678 2190 fata
698 2130 795 2191 fuisse
818 2129 923 2191 velint.

184 2212 308 2271 Interea
328 2214 431 2291 nigras
453 2212 590 2293 pecudes
609 2216 784 2296 promittite
807 2214 871 2275 Diti
911 2271 913 2275 Α

226 2295 268 2356 Et
287 2297 371 2356 nivei
391 2295 482 2355 lactis
503 2297 614 2377 pocula
632 2299 725 2359 mixta
747 2316 843 2359 mero.

184 2597 330 2688 Cauarae
350 2629 462 2707 nater,
484 2627 557 2689 aaa
578 2628 638 2705 (aa
656 2631 698 2689 aa
719 2632 777 2691 tan
799 2635 928 2710 mystica
949 2634 1018 2694 aas

228 2712 376 2792 Semper,
399 2714 444 2772 sic
465 2711 591 2773 hedera,
605 2715 870 2792 temporo·vincta
890 2716 1007 2793 feras),

187 2796 284 2857 Aufer
307 2802 340 2855 et
359 2797 426 2876 ipse
448 2814 549 2855 meum
567 2796 687 2874 pariter
708 2796 889 2857 medicando
914 2798 1068 2862 dolorem:

230 2880 329 2959 Saepe
351 2885 404 2939 tuo
428 2878 542 2939 cecidit
564 2897 692 2938 munere
714 2881 812 2940 victua
835 2900 928 2941 amor.

187 2966 268 3025 Care
287 2982 382 3043 puer,
404 2962 548 3023 madeant
569 2981 721 3040 generoso
746 2964 858 3043 poeula
879 2966 1017 3046 Baccho,

228 3046 269 3112 Et
290 3048 379 3106 nobis
400 3067 499 3126 prona
521 3046 618 3107 funde
639 3044 773 3107 Falerna
796 3068 894 3110 manu.

187 3133 231 3191 lte
250 3128 360 3211 procul
383 3129 492 3191 durum
515 3150 607 3191 curae
629 3149 741 3209 genus,
764 3134 808 3193 ite
829 3131 969 3196 labores:

228 3213 367 3275 Fulserit
389 3215 440 3274 hic
458 3216 556 3275 niveis
575 3215 684 3274 Delius
706 3214 836 3280 alitibus.

187 3301 252 3362 Vos
274 3297 364 3358 modo
385 3300 546 3379 proposito
568 3296 676 3359 dulces
698 3300 825 3361 faveatis
848 3304 954 3382 amici,

229 3383 315 3443 Neve
337 3388 433 3461 neget
456 3385 614 3463 quisquam
636 3402 686 3443 me
708 3384 786 3445 duce
806 3404 839 3447 se
862 3389 1021 3448 comitem=

189 3470 251 3528 Ant
272 3468 298 3526 si
319 3468 386 3545 quis
408 3469 471 3526 vini
496 3473 652 3528 certamen
675 3470 750 3530 mite
770 3478 910 3547 recusat,

216 3549 333 3610 Fallat
354 3569 424 3611 eum
446 3558 530 3612 tecto
554 3572 624 3612 cara
644 3552 749 3633 puella
770 3553 852 3614 dolo.

190 3633 246 3694 llle
267 3636 342 3694 facit
364 3634 445 3696 dites
467 3638 583 3696 animos
606 3636 698 3713 deus,
719 3635 776 3697 illc
797 3637 934 3699 ferocem

233 3717 382 3779 Contudit
403 3726 436 3801 et
459 3720 600 3781 dominae
621 3722 706 3780 misit
725 3721 758 3780 in
779 3723 955 3801 arbitrium,
