2717 4325
203 456 244 519 26

365 428 368 437 '
440 451 961 519 usuuu.uiosuu.ss.scu.

637 645 763 710 XLIX.

353 732 568 823 Disertissime
586 761 709 824 Romuli
726 772 891 844 nepotum,
1074 822 1083 831 .

355 850 437 925 Quot
457 854 528 905 suut
548 853 684 926 quotque
705 846 813 924 fuere,
832 849 939 909 Murco
959 847 1061 926 Tulli,

354 933 497 1008 Quotque
517 940 589 1008 post
607 929 675 991 eliis
693 937 785 990 erunt
806 932 840 990 in
861 933 964 1010 suuis,

305 1063 308 1069 .
354 1015 475 1076 Grotius
497 1014 554 1074 tibi
575 1016 717 1073 maximus
738 1012 878 1075 Catullus

314 1111 330 1161 5
353 1100 426 1176 Agit
447 1099 596 1177 pessimus
617 1099 749 1158 omnium
770 1103 879 1177 poeto,

355 1182 455 1241 'sunto
476 1183 625 1262 pessimus
647 1182 779 1241 omnium
799 1188 893 1261 poete

353 1266 472 1341 Quanto
491 1270 528 1325 iu
547 1266 679 1346 optimus
702 1266 835 1325 omnium
854 1273 1010 1345 patronus.

678 1486 719 1555 L.

355 1574 532 1686 lisono,
552 1608 670 1687 uicini,
692 1608 744 1670 oie
765 1612 856 1670 ouon

261 1718 264 1723 ·
352 1692 486 1752 Multum
506 1690 633 1751 lusimus
655 1694 687 1751 in
709 1695 786 1753 meis
806 1692 948 1771 inbellis,

352 1776 396 1836 Ut
415 1781 601 1835 convenerat
622 1794 691 1836 esse
712 1775 871 1837 delicatos.

354 1859 500 1919 Scribens
518 1858 687 1919 versiculos
709 1867 841 1938 uterque
861 1865 999 1919 nostrum

317 1956 333 2005 5
353 1942 494 2002 Ludebat
512 1960 639 2002 numero
661 1942 752 2003 modo
773 1944 833 2002 hoc
852 1942 945 2002 modo
965 1942 1051 2021 illoc,

352 2023 498 2085 Reddens
517 2034 620 2086 mutus
639 2044 698 2107 per
717 2030 816 2087 iocum
836 2033 929 2105 uimque
949 2029 1059 2088 vinnm.

356 2111 456 2189 Atque
473 2107 561 2170 illinc
581 2112 642 2170 sbii
660 2118 714 2171 iuo
732 2108 842 2190 lepore

352 2194 514 2271 Incensus,
534 2194 650 2272 Licini,
672 2196 871 2272 facetiisque,
985 2217 988 2222 ·

354 2278 397 2338 Ui
418 2295 476 2337 uec
498 2297 547 2337 me
568 2279 714 2337 miserum
736 2278 822 2336 cibus
843 2279 977 2352 inseret,

300 2371 333 2422 10
353 2360 417 2420 Nec
438 2369 560 2420 somnus
581 2366 704 2439 tegeret
726 2362 830 2439 quiete
853 2359 986 2438 ocellos,

354 2441 417 2504 Sed
440 2451 506 2504 toto
528 2443 693 2506 indomitus
712 2445 820 2506 furore
839 2441 923 2505 lecto

355 2527 508 2588 Verssrer
529 2531 655 2608 cupiens
675 2528 783 2590 videre
802 2527 921 2605 lucem,

355 2612 398 2671 Ut
419 2618 520 2672 tecum
535 2611 699 2691 loquerer,
720 2610 872 2691 simulque
894 2618 928 2672 ut
947 2629 1056 2672 essem.

354 2695 397 2754 As
416 2693 536 2754 defessa
555 2694 663 2755 labore
680 2698 817 2755 membru
836 2700 998 2775 postquam

302 2789 335 2840 15
356 2777 559 2837 Semimortua
579 2776 694 2839 lectulo
714 2780 870 2854 iacebunt,

352 2860 437 2937 Hoc,
457 2859 606 2937 iocunde,
626 2863 684 2920 cibi
705 2879 814 2940 poema
832 2861 910 2939 feci,
978 2909 981 2917 ,

353 2945 399 3004 Ex
421 2962 479 3020 quo
501 2945 696 3024 perspiceres
717 2963 816 3005 meum
837 2942 988 3005 dolorem.

353 3028 440 3086 Nunc
462 3027 557 3086 audax
575 3045 646 3086 cave
668 3029 726 3105 sis,
748 3047 920 3108 precesque
941 3034 1078 3105 nostrus,

340 3110 497 3186 'Oramus,
517 3128 588 3182 caue
606 3109 752 3190 despuas,
774 3110 890 3188 ocelle,

296 3204 331 3256 20
352 3192 398 3252 Ne
418 3211 532 3272 poenas
553 3194 692 3255 Nemesis
711 3201 855 3274 reposcat
874 3215 891 3252 u
911 3202 953 3254 te.

354 3277 411 3336 Est
430 3277 594 3336 veliemeus
614 3277 687 3338 deo:
708 3276 835 3338 laedere
855 3279 934 3338 hunc
956 3284 1070 3338 esseio.

672 3487 730 3553 LI.

355 3574 415 3666 dile
435 3609 476 3665 mi
496 3627 552 3685 pur
574 3625 643 3666 esse
665 3605 725 3665 deo
746 3609 884 3685 videtur,

354 3688 428 3767 lile,
450 3691 476 3748 si
496 3691 542 3750 ius
565 3697 628 3767 cst,
650 3688 798 3769 superero
819 3692 921 3768 divos,
