2717 4325
509 384 873 448 Pnoinnull

295 552 362 615 Nec
373 554 431 613 tibi
442 553 609 632 Tyrrhena
620 549 755 612 solvatur
766 553 848 613 iunia
861 572 964 631 arena,

335 637 421 698 Neve
432 638 556 698 inimica
564 654 648 698 meaa
659 635 764 696 elevet
775 657 848 696 aura
859 656 982 716 preces,

295 722 400 800 Atque
412 740 470 799 ego
481 740 545 781 non
555 720 674 780 videam
686 718 766 780 tales
777 719 940 782 subsidere
950 728 1070 802 ventos,

338 806 416 867 Cum
426 806 483 866 tibi
493 811 656 885 provectae
666 805 790 865 auferet
800 803 882 864 unda
892 811 987 884 rates,

244 898 276 953 15
295 890 338 952 Et
348 909 398 950 me
409 889 542 949 defixum
551 907 645 948 vacua
654 890 790 967 patiatur
800 889 833 947 in
844 908 899 948 ora
967 945 976 962 ,

336 971 503 1034 Crudelem
514 972 628 1032 infanta
638 990 732 1052 aaepe
743 991 853 1033 vocare
865 991 963 1034 manu.

296 1055 361 1118 Sei
373 1074 566 1135 quocumque
576 1055 668 1116 modo
681 1056 721 1116 de
731 1075 791 1135 me,
802 1058 939 1138 periura,
951 1059 1093 1136 mereris,

337 1140 386 1200 Sit
397 1138 528 1202 Galatea
536 1146 609 1201 tuae
618 1157 682 1200 non
693 1139 794 1202 alicua
804 1143 884 1218 viae,

294 1225 337 1285 Ut
349 1230 381 1285 tc
392 1223 478 1284 felici
488 1229 653 1305 praevecta
663 1225 816 1286 Ceraunia
826 1243 913 1286 remo

239 1320 277 1372 20
336 1308 479 1388 Accipiat
489 1307 621 1388 placidia
632 1308 742 1368 Oricos
753 1310 950 1389 aequoribus.

295 1393 371 1452 Nam
382 1411 431 1452 mc
442 1411 505 1452 non
515 1389 600 1452 ullae
608 1397 758 1472 poterunt
769 1410 970 1474 corrumpere
980 1392 1102 1473 taedae,

336 1477 418 1553 Quin
428 1495 499 1554 ego,
509 1478 582 1553 vita,
592 1483 646 1536 tuo
656 1475 765 1536 limine
776 1479 871 1538 verba
882 1493 1011 1555 queram

294 1560 360 1620 Nec
370 1579 419 1620 me
430 1558 558 1620 deficiet
566 1566 674 1620 nautaa
685 1562 823 1638 rogitare
834 1563 943 1621 citato

337 1644 461 1721 ‘Dicite
476 1663 537 1724 quo
547 1649 640 1723 portu
651 1642 754 1703 clausa
764 1643 868 1724 puella
877 1661 945 1704 mea
957 1645 1039 1705 catt'

239 1738 274 1792 25
294 1728 336 1788 Et
347 1726 446 1787 dicam
458 1727 546 1788 ‘licet
555 1727 690 1786 Atraciia
702 1726 842 1788 considat
851 1729 885 1787 in
894 1730 969 1805 oria,

331 1809 565 1888 Etlicetlilcia,
576 1808 905 1873 illafuturameaeat?

294 1895 355 1955 Hic
366 1896 439 1972 erit,
449 1896 501 1954 hic
510 1897 610 1955 iurata
620 1902 735 1974 manet,
747 1902 927 1974 rumpantur
938 1895 1051 1975 iniquit

335 1979 488 2050 Vicimus:
510 1977 647 2040 aaaiduaa
657 1999 721 2040 non
731 1980 803 2041 tulit
813 1978 868 2039 illa
877 1997 997 2058 prece.

293 2061 386 2124 Falaa
396 2061 474 2123 licet
485 2063 614 2144 cupidus
625 2062 763 2143 deponat
772 2063 882 2142 gaudia
891 2060 988 2124 livor:

239 2156 276 2212 30
336 2148 466 2209 Dcatitit
475 2148 523 2208 ire
533 2167 627 2218 noum
638 2148 775 2227 Cynthia
784 2152 890 2208 notra
899 2148 972 2208 vias.

294 2230 445 2293 illimus
457 2251 515 2310 ego
526 2239 560 2291 ct
569 2250 627 2312 per
637 2251 686 2292 me
698 2233 854 2293 cariaaima
864 2232 961 2291 Roma

335 2316 467 2394 Dicitur,
480 2322 512 2374 ct
522 2317 590 2375 aine
601 2334 651 2375 me
662 2313 766 2376 dulcia
776 2334 871 2393 regna
882 2322 983 2393 negat.

294 2397 353 2459 Illa
362 2398 414 2459 vel
424 2407 552 2477 angusto
562 2418 684 2459 mecum
693 2402 892 2478 requiescere
902 2397 987 2459 lecto

333 2483 376 2544 Et
385 2502 578 2563 quocumque
587 2482 679 2543 modo
691 2483 799 2544 maluit
809 2500 878 2543 eme
890 2500 969 2559 mea,

240 2576 274 2629 35
296 2567 393 2643 Quam
407 2568 467 2627 aibi
478 2566 838 2645 dotatacrcgnumvetua
848 2565 1082 2647 Hippodamiae,

333 2651 376 2711 Et
387 2670 461 2730 quaa
474 2649 543 2712 Elia
554 2671 629 2730 opea
641 2658 713 2711 ante
723 2656 849 2731 pararat
859 2652 956 2731 equit.

296 2734 438 2809 Quamvis
449 2753 557 2811 magna
567 2733 666 2811 daret,
678 2735 815 2813 quamvis
825 2735 940 2795 maiora
951 2732 1088 2810 daturus,

333 2814 404 2876 Non
415 2822 517 2876 tamen
526 2814 582 2875 illa
593 2836 678 2877 mcoa
690 2818 770 2895 fugit
782 2837 870 2877 avara
881 2819 975 2879 sinna.
1123 2879 1126 2886 ,

294 2900 384 2960 Hanc
397 2917 455 2977 ego
465 2919 527 2959 non
539 2918 624 2977 auro,
637 2919 700 2959 non
711 2900 795 2961 india
806 2902 936 2962 flectcre
948 2900 1083 2976 conchis,

237 2991 274 3045 40
334 2981 398 3043 Sed
409 2984 497 3062 potui
508 2980 614 3043 blandi
625 2985 769 3045 carminis
780 2986 939 3065 obsequio.

294 3066 374 3128 Sunt
382 3062 478 3144 igitur
487 3066 596 3126 Musae
606 3087 709 3147 neque
721 3070 834 3131 mnanti
844 3069 950 3129 tardua
962 3066 1087 3149 Apollo,

335 3152 410 3227 Quia
422 3168 480 3228 ego
490 3150 591 3211 fretus
602 3171 684 3211 amo:
707 3154 842 3233 Cynthia
852 3174 922 3213 rara
933 3171 1002 3213 maa
1012 3157 1068 3212 eat.

292 3234 382 3296 Nunc
393 3235 469 3295 mihi
479 3255 594 3296 aumma
604 3234 682 3297 licet
691 3238 873 3314 contingere
884 3235 989 3297 sidera
998 3234 1131 3316 plantiac

335 3320 406 3379 Sive
419 3318 486 3381 dieo
497 3340 554 3381 acu
563 3338 624 3379 nox
633 3324 766 3397 venerit,
777 3320 834 3380 illa
843 3340 912 3381 mea
922 3326 981 3399 cat,

237 3412 272 3467 45
293 3404 359 3465 Nec
370 3404 445 3464 mihi
456 3404 560 3464 rivalis
572 3409 675 3462 centua
686 3403 829 3466 subducit
839 3422 969 3481 amores.

331 3490 393 3549 lata
402 3507 500 3548 meam
510 3487 595 3546 norit
605 3485 706 3564 gloria
721 3490 874 3550 canitiem.
896 3556 900 3579 μ
