2717 4325
220 420 261 485 58
516 397 883 470 PROPERTII

345 585 414 645 Sive
426 583 460 641 iu
474 594 578 639 rmore
590 572 677 635 rudis
689 572 754 631 rive
767 569 888 649 peritus
900 566 971 626 crit.

303 670 368 731 Nec
379 668 480 727 minor
490 664 540 723 hio
552 658 659 719 animis
672 660 735 731 out,
746 655 773 714 oi
784 652 895 728 minor,
908 668 964 710 ore
975 666 1109 709 cenom

345 750 474 812 Auoerio
485 744 610 807 indocto
622 740 758 801 cormIne
770 736 864 796 ccooit
875 733 953 796 olor.

251 848 285 905 85
305 838 393 898 Haec
406 850 528 914 quoque
538 827 682 909 perfecto
693 820 823 884 ludebat
833 820 942 879 Iasone
952 816 1065 895 Varro,

345 919 446 982 Varro
457 910 629 975 Leucadire
641 907 770 968 maxim
779 906 901 964 flumme
912 919 995 963 oure.

305 1006 393 1067 Haec
404 1016 526 1081 quoquc
536 995 643 1056 lascivi
655 995 819 1052 cantarunt
828 989 945 1068 scripte
955 981 1083 1062 catulli,

346 1086 460 1147 Lesbio
472 1084 541 1162 quio
551 1082 619 1159 iper
628 1078 733 1136 notior
745 1080 794 1133 ert
803 1070 937 1133 Helene.

305 1174 392 1234 Hrec
404 1170 497 1230 etium
507 1165 593 1226 docti
604 1160 747 1222 conferor
760 1164 808 1221 est
817 1157 929 1238 pagine
939 1154 1037 1230 Calvi,

217 1300 227 1321 .
253 1268 288 1323 90
349 1258 427 1318 (ium
438 1254 567 1312 caueret
579 1247 711 1307 miserae
722 1243 835 1302 funere
845 1236 1025 1316 Quintiliae.

305 1342 349 1404 Et
358 1338 449 1399 modo
462 1334 598 1397 formoso
609 1350 700 1411 quum
709 1324 807 1387 multo
816 1322 972 1403 Lycoride
984 1316 1093 1381 (tullus

346 1424 490 1485 Mortuus
501 1419 625 1480 inferno
634 1412 764 1474 vulnero
773 1408 851 1469 lavit
862 1408 955 1487 equo!

307 1508 442 1588 Cynthio
453 1505 527 1585 quin
538 1502 632 1562 etium
641 1516 733 1558 versu
743 1492 868 1555 laudato
877 1491 1036 1572 Properti,

258 1622 261 1628 ·
346 1593 413 1653 Hor
424 1592 508 1649 inter
519 1588 547 1646 oi
557 1603 606 1645 mc
617 1598 737 1662 ponere
746 1579 843 1639 Fame
852 1574 945 1637 volet.

342 1810 1067 1942 s'ux.ooocuer11
1278 1899 1282 2044 ⁴

472 1995 872 2107 ¹teutonicum

422 2146 615 2213 moue
658 2138 978 2230 corneos.
1142 2132 1187 2197 111

267 2314 288 2406 Ῑ
306 2309 497 2402 Callimachi
508 2340 618 2401 Moneo
630 2347 663 2400 et
675 2341 733 2401 (ioi
744 2358 831 2399 secra
840 2332 996 2411 Philotae,

350 2427 385 2488 In
394 2431 541 2503 vestrum,
554 2443 679 2506 quaeso,
692 2443 741 2483 mc
753 2423 846 2483 sinite
855 2421 903 2479 irc
914 2436 1033 2477 nemun.

261 2559 267 2564 .
307 2511 429 2572 Primus
441 2529 499 2589 ego
510 2508 672 2588 ingredior
682 2525 760 2589 puro
772 2505 811 2565 de
822 2504 910 2563 fonte
923 2499 1070 2562 sacerdos

349 2593 427 2655 Italo
436 2613 494 2675 per
507 2593 618 2654 Graio·
630 2593 716 2671 orgia
726 2591 813 2650 ferre
824 2588 946 2647 choros.

271 2687 287 2739 5
308 2680 421 2756 Dicite,
434 2698 494 2757 quo
505 2679 625 2757 puriter
637 2693 762 2736 carmen
772 2670 924 2734 tenuastis
935 2671 969 2729 iu
980 2674 1081 2745 antro,

350 2763 457 2838 Quove
468 2760 550 2840 pede
561 2760 706 2838 iugreeoi,
719 2775 846 2837 quemve
855 2754 981 2816 bibistic
992 2749 1126 2831 equum?

308 2847 358 2906 Ah
367 2843 478 2928 voicot,
491 2843 651 2903 Phoebum
663 2843 846 2920 quicumque
858 2844 998 2900 moratur
1008 2837 1042 2896 iu
1053 2833 1165 2895 ermini

348 2929 482 2988 Erectus
493 2929 580 2986 tenui
590 2927 712 3006 pumice
722 2943 830 2984 versuo
840 2928 902 3001 eut,

310 3013 377 3088 Quo
389 3029 439 3070 me
449 3009 543 3071 Fame
555 3009 639 3070 levet
649 3016 736 3070 terro
747 3007 896 3087 sublimio,
908 3011 942 3065 ct
953 3026 971 3065 r
981 3022 1030 3066 me

257 3107 291 3159 10
351 3094 430 3156 Nata
441 3097 597 3156 coronatis
608 3094 700 3156 Musa
709 3094 879 3174 triumphet
889 3091 990 3170 cquis,
1118 3159 1123 3162 Ι

309 3181 351 3242 lot
363 3199 483 3241 mecum
495 3181 527 3240 in
540 3199 633 3240 curru
645 3179 733 3259 parvi
743 3182 905 3238 vectentur
915 3175 1059 3248 Amores,

354 3263 609 3346 scriptorumque
620 3282 705 3323 meos
716 3262 807 3321 turbo
817 3267 924 3321 secute
934 3262 1030 3317 rotro.

311 3347 393 3425 Quid
406 3349 523 3410 frustra
533 3349 634 3408 missis
644 3349 677 3406 in
688 3364 737 3404 me
750 3345 877 3404 certetis
887 3339 1041 3402 habenis?

349 3431 420 3492 Non
432 3432 522 3493 detur
533 3430 572 3491 ad
584 3430 689 3492 Muses
702 3447 830 3489 currere
840 3427 904 3487 loto
915 3427 974 3486 viu.

256 3525 290 3578 15
310 3515 416 3595 Multi,
426 3517 532 3594 Roma,
544 3511 732 3574 tuoclaudes
743 3511 903 3573 annalibus
914 3507 1042 3584 addent,

349 3601 410 3676 Qui
420 3601 513 3659 finem
523 3599 647 3677 imperii
658 3599 770 3657 Bactra
779 3597 884 3655 futura
895 3597 1017 3654 cenent.

311 3682 384 3761 sed,
398 3682 480 3761 quod
490 3700 566 3762 prce
576 3680 673 3760 legas,
685 3700 762 3761 opus
772 3681 832 3739 hoc
844 3677 884 3738 dc
895 3681 1001 3737 monte
1012 3688 1155 3733 sororum
