2717 4325
520 387 666 448 TlBULLl
688 389 756 448 LlB.
775 389 810 449 ll.
829 402 852 452 ι.
1148 387 1189 449 25

179 556 264 617 Rura
286 555 394 616 icrunt
414 573 548 634 messes,
571 553 663 616 calidi
686 576 754 617 cnm
774 557 886 619 sideris
908 566 995 618 aestu

223 641 359 720 Deponit
380 641 473 700 liavas
494 659 594 701 annua
615 646 703 701 terra
725 661 835 702 comas.

180 725 265 785 Rure
287 723 366 786 levis
385 743 482 784 uerno
503 725 599 785 flores
619 726 684 806 apis
702 726 819 804 ingerit
842 725 946 805 alveo,

225 806 389 890 Compleat
410 814 445 868 ut
464 807 548 869 dulci
568 808 677 870 sedula
700 809 793 871 melle
815 811 911 870 favos.

180 893 328 972 Agricola
348 891 470 954 assiduo
492 895 624 973 primum
645 895 774 955 satiatus
796 899 900 954 aratro

224 977 365 1038 cantavit
387 983 474 1038 certo
497 979 613 1038 rustica
633 980 729 1038 verba
749 977 830 1058 pede

179 1063 222 1124 Et
240 1067 325 1121 satur
345 1064 445 1122 arenti
467 1063 598 1142 primum
620 1068 668 1122 est
691 1062 862 1122 modulatus
884 1079 978 1120 avena

224 1147 374 1224 Carmen,
396 1152 431 1206 ut
452 1151 582 1206 oruatos'
600 1146 722 1207 diceret
744 1152 815 1205 ante
838 1144 931 1221 deos,

179 1229 326 1309 Agricola
347 1235 380 1289 et
400 1230 494 1291 minio
517 1231 667 1309 suffusus,
690 1231 829 1307 bacche,
850 1228 975 1289 rubenti

224 1314 346 1374 Primus
365 1316 529 1394 inexperta
551 1313 637 1374 duxit
656 1315 695 1392 ab
717 1320 785 1374 arte
808 1314 929 1373 choros.

180 1399 262 1458 Huic
285 1397 374 1458 datus
396 1396 546 1478 apiano,
567 1395 768 1458 memorabile
788 1416 913 1474 munus,
936 1394 1008 1456 ovili

223 1480 313 1543 *Dux
333 1483 458 1563 pecoris
478 1483 584 1543 hircus
606 1489 734 1544 auxerat
753 1484 859 1542 hircus
882 1499 963 1541 oves.

179 1568 264 1628 Rure
281 1586 360 1648 puer
379 1586 475 1628 verno
496 1568 628 1647 primum
651 1566 691 1626 de
713 1568 792 1627 tiore
815 1584 959 1626 coronam

222 1652 315 1712 Fecit
332 1657 365 1713 ct
384 1654 519 1731 antiquis
540 1653 687 1733 imposuit
707 1652 847 1712 Laribus.

180 1735 265 1796 Rure
288 1737 381 1796 etiam
402 1737 520 1797 teneris
543 1755 646 1797 euram
666 1736 842 1796 exhibitura
862 1730 978 1814 puellis

223 1817 322 1880 Molle
344 1821 426 1898 gerit
447 1827 536 1898 tergo
556 1818 661 1880 lucida
678 1818 777 1880 vellus
801 1820 875 1880 ovis.

181 1905 263 1964 Hinc
283 1909 316 1962 et
336 1903 490 1964 femineus
506 1903 595 1964 labor
613 1910 679 1982 est,
701 1904 775 1964 hinc
795 1921 893 1984 pensa
914 1897 1078 1977 colusque,

222 1986 324 2047 Fusus
344 1994 377 2046 et
398 1988 538 2068 apposito
561 1985 676 2068 pollice
697 1995 801 2048 versat
823 2005 914 2067 opus:

181 2073 285 2149 Atque
309 2069 411 2151 aliqua
432 2069 572 2131 assiduae
594 2072 709 2132 textrix
731 2077 859 2151 operata
877 2070 1039 2130 Minervae

226 2154 353 2235 cantat,
376 2161 409 2217 et
432 2153 560 2238 appulso
583 2153 648 2217 tela
670 2161 760 2216 sonat
780 2153 892 2217 latere.

180 2241 250 2323 lpse
273 2259 396 2320 quoque
417 2241 502 2301 inter
525 2258 615 2318 agros
635 2242 781 2318 interque
803 2243 940 2301 armenta
964 2234 1084 2315 Cupido

223 2325 321 2385 Natus
342 2331 375 2385 et
395 2323 560 2384 indomitas
583 2323 699 2384 dicitur
721 2326 804 2385 inter
823 2342 926 2402 equas.

180 2407 249 2470 illic
268 2406 396 2469 indocto
417 2409 550 2488 primum
572 2427 606 2468 se
629 2408 769 2468 exercuit
791 2426 879 2467 arcu:

223 2493 285 2553 Hei
307 2493 398 2571 mihi,
422 2511 512 2571 quam
532 2490 639 2552 doctas
661 2512 743 2551 nunc
764 2490 859 2550 habet
879 2487 934 2548 illc
956 2486 1076 2547 manus!

180 2576 246 2637 Nec
267 2574 423 2656 pecudes,
444 2574 530 2636 velut
551 2582 641 2652 ante,
660 2577 758 2657 petit:
780 2576 884 2635 fixisse
906 2571 1026 2653 puellas

224 2661 329 2722 Gestit
351 2667 385 2722 ct
405 2657 535 2720 audaces
556 2659 771 2741 perdomuisse
791 2660 884 2719 viros.

181 2745 242 2806 llic
260 2744 366 2806 inveni
389 2743 524 2806 detraxit
544 2764 635 2825 opes,
657 2745 710 2805 hic
733 2743 839 2805 dicere
860 2742 951 2802 iussit

222 2828 333 2889 Limen
356 2827 395 2888 ad
415 2830 514 2890 iratae
535 2831 629 2889 verba
649 2827 795 2910 pudenda
814 2844 935 2887 senem:

182 2914 250 2971 lloc
272 2912 351 2974 duce
373 2911 518 2975 custodes
534 2913 643 2975 furtim
664 2920 857 2991 transgressa
879 2913 1016 2972 iacentes

224 2995 274 3057 Ad
295 2999 437 3059 iuvenem
460 2999 600 3059 tenebris
623 2996 689 3058 sola
707 2993 815 3078 puella
835 2995 920 3056 venit

182 3082 225 3141 Et
244 3080 377 3162 pedibus
397 3088 578 3164 praetentat
597 3084 660 3143 iter
680 3099 829 3161 suspensa
851 3079 980 3157 timore,

224 3163 376 3246 Explorat
396 3185 502 3229 caecas
521 3168 570 3227 cui
591 3184 699 3226 manus
721 3172 793 3225 ante
814 3164 887 3223 vias.

84 3294 88 3299 -
181 3251 231 3311 Ah
252 3252 376 3329 miseri,
399 3270 475 3331 quos
496 3250 549 3311 hic
570 3250 707 3329 graviter
729 3247 805 3309 deus
828 3247 934 3327 urget!
957 3244 1063 3308 atille

223 3333 331 3414 Felix,
351 3336 401 3396 cui
421 3329 561 3416 placidus
582 3333 701 3395 leniter
722 3332 808 3394 afflat
829 3333 934 3393 Amor.

182 3419 316 3498 Sancte,
337 3420 407 3481 veni
432 3416 561 3498 dapibus
582 3419 690 3496 iestis,
712 3415 770 3477 sed
789 3435 872 3497 pone
895 3416 1021 3494 sagittas

224 3505 266 3566 Et
286 3501 397 3585 procul
420 3501 568 3564 ardentes
589 3504 662 3564 hinc
683 3520 796 3584 precor
819 3499 898 3561 abde
919 3500 1014 3559 iaces.

182 3589 248 3653 Vos
271 3586 430 3650 celebrem
452 3594 574 3649 cantate
597 3586 688 3648 deum
707 3586 877 3668 pecorique
898 3589 1006 3667 vocate

227 3673 329 3736 Voces
350 3670 452 3752 palam
470 3674 595 3754 pecori,
616 3669 694 3732 clam
715 3672 775 3732 sibi
797 3672 928 3749 quisque
947 3673 1046 3730 vocet.
