2717 4325
230 458 292 522 ιιι
525 450 887 513 euersum
967 406 972 411 ⁵

354 624 497 698 Narrant,
508 620 657 680 historiae
669 624 797 700 pectora
807 624 881 681 nete
892 636 979 679 sure:

260 717 294 773 65
315 706 401 767 Haec
413 723 467 765 ιιιιι
477 704 626 763 maternis
638 704 780 781 queritur
789 701 888 762 lisere
900 706 1018 763 catenis

354 788 486 849 Brachia
495 805 554 847 uec
566 788 693 846 meritus
703 785 817 864 frigide
830 806 900 846 suus
909 806 1032 847 munus:

313 873 427 933 Narrat
437 871 683 951 Hypermuestre
695 888 836 947 msguum
847 888 933 930 susus
947 888 1017 931 essc
1028 892 1166 953 sorores,

355 956 390 1015 lu
401 951 503 1013 scelus
513 955 574 1012 hoc
587 954 719 1011 animum
728 972 791 1011 uun
801 950 933 1012 suluisse
945 973 1041 1017 suum.

315 1038 366 1099 Sic
378 1038 487 1097 mortis
497 1036 632 1097 lacrimis
645 1038 727 1095 vitre
738 1054 877 1095 suusmus
889 1056 1025 1097 umores:

260 1133 296 1187 70
354 1118 431 1181 Gelo
443 1138 501 1198 ego
511 1118 662 1200 perfidiae
674 1120 802 1178 crimine
812 1118 907 1179 mults
916 1127 998 1181 tuse.

316 1204 379 1265 Sed
390 1205 448 1264 tibi
459 1222 540 1262 nuuc
550 1200 692 1261 mandatu
702 1201 818 1280 dumus,
829 1203 856 1262 si
866 1202 949 1263 forte
960 1206 1104 1284 moveris,

356 1284 390 1347 Sl
400 1293 433 1347 te
445 1306 507 1345 nou
517 1291 617 1346 totum
626 1284 760 1345 Doridos
771 1288 869 1345 herbe
879 1293 982 1346 tenet:

314 1372 424 1431 Nutrix
434 1370 467 1427 iu
478 1368 621 1428 tremulis
631 1386 672 1429 ue
684 1369 758 1448 quid
770 1369 929 1430 desideret
940 1373 1027 1430 suuis

353 1454 540 1513 Psrtheuier
561 1454 671 1533 putuit,
682 1454 989 1515 uectibiuvcrsfuit.

261 1546 295 1601 75
316 1537 518 1616 Deliciseque
531 1554 616 1596 mese
628 1536 742 1613 Latris,
754 1538 803 1595 cui
813 1538 975 1596 nomemsb
986 1556 1043 1596 usu
1054 1546 1113 1614 est,

354 1620 401 1681 Ne
412 1619 571 1700 speculum
582 1619 723 1678 dominre
733 1618 1049 1699 porrigetillsuusse.

314 1706 356 1764 Et
368 1720 575 1783 quoscumque
585 1721 654 1761 meo
667 1703 772 1762 fecisti
781 1704 905 1762 numine
915 1720 1033 1781 versus,

353 1788 419 1847 Ure
431 1786 521 1844 mihi:
542 1782 651 1844 laudes
663 1783 771 1845 desiue
782 1787 899 1846 hebere
910 1803 1002 1847 mess.
1064 1849 1070 1856 ,
1277 1817 1278 1860 j

314 1868 405 1930 Pelle
416 1868 1031 1949 hedersmtumulo,mihiquscpugusute
1039 1872 1187 1949 corymbo

219 1992 223 1999 ·
259 1960 295 2015 80
356 1950 466 2013 Mollis
478 1954 628 2013 contorti
640 1951 756 2031 adliget
767 1972 836 2012 oss
847 1955 951 2014 comis.
1277 1963 1278 2012 ι

314 2038 454 2097 Pomosis
467 2037 546 2096 Anio
559 2056 618 2114 que
629 2036 778 2115 spumifer
788 2036 915 2096 incubet
924 2040 1014 2113 srvis,

352 2122 394 2184 Et
404 2138 569 2199 numquam
578 2118 736 2180 Herculeo
747 2121 872 2180 numine
882 2118 983 2201 pellet
993 2120 1080 2197 ebur,

313 2205 374 2270 Hic
386 2222 510 2264 carmen
521 2202 623 2278 medis
637 2202 762 2282 dignum
773 2221 823 2262 me
833 2206 936 2264 scribe
948 2203 1097 2281 columns,

355 2287 420 2348 Sed
429 2290 535 2363 breve,
551 2287 634 2366 quod
646 2305 776 2346 currens
786 2293 893 2347 vector
904 2289 941 2347 sb
953 2290 1031 2348 urbe
1041 2286 1140 2365 leget:

259 2381 293 2436 85
315 2373 400 2431 “Hic
411 2370 576 2430 Tiburtius
586 2370 668 2430 iscct
677 2389 770 2429 sures
780 2371 914 2450 Cynthia
924 2377 1026 2431 tcrrs:

352 2455 494 2515 Accessit
504 2455 591 2534 ripae
601 2453 678 2531 laus,
691 2455 822 2532 Aniene,
833 2458 940 2514 tuse.''

311 2539 376 2599 Nee
387 2545 422 2598 tu
433 2555 547 2618 sperne
557 2539 617 2618 piis
627 2539 784 2597 venientis
796 2537 913 2597 somnis
922 2540 1037 2618 portis:

354 2623 432 2682 Cum
443 2624 494 2702 pis
504 2627 659 2681 venerunt
669 2623 796 2699 somnis,
810 2619 931 2701 pondus
941 2623 1066 2681 hebent.

312 2706 412 2766 Nocte
422 2724 516 2784 usgue
527 2706 668 2782 ferimur,
680 2725 741 2764 uox
753 2703 872 2764 clausus
881 2703 996 2764 liberet
1007 2707 1140 2780 umbras,

259 2795 295 2850 90
354 2789 962 2869 Eirrstetsbiectscerberusipsesers.

311 2872 395 2931 Luce
406 2873 516 2931 iubent
525 2868 614 2949 leges
624 2871 761 2931 Lethaea
772 2870 812 2931 cd
822 2877 928 2950 stsgue
938 2873 1064 2932 reverti.

351 2954 415 3014 Nos
425 2955 576 3032 vehimur,
587 2960 708 3014 vectum
718 2961 809 3014 nauis
820 2961 966 3016 recenset
977 2973 1062 3014 uuus.

310 3038 442 3098 Nuucte
452 3035 736 3119 possideantslise:
758 3057 828 3098 mox
842 3037 1048 3099 solsteuebo:

350 3122 475 3182 Mecum
487 3124 561 3199 eris,
574 3128 607 3182 et
616 3123 719 3183 mixtis
731 3123 850 3182 ossibus
861 3141 931 3182 osss
940 3124 1062 3182 terum?

258 3213 292 3268 95
312 3205 399 3266 Hsec
409 3212 571 3286 postquam
584 3205 714 3284 querula
724 3224 843 3266 mecum
853 3207 911 3266 sub
921 3204 978 3265 lite
989 3205 1121 3284 peregit,

350 3289 435 3348 Inter
446 3287 623 3369 complexus
636 3288 752 3350 excidit
761 3291 870 3350 umbre
879 3307 975 3349 meos.

269 3417 296 3508 8
311 3419 419 3532 Disce,
434 3453 507 3533 quid
518 3452 672 3532 Esquilias
685 3456 743 3514 huc
755 3463 848 3515 nocte
858 3456 976 3534 fugerit
986 3471 1125 3533 aquosus,

351 3538 427 3597 (ium
438 3539 538 3597 vicine
548 3539 635 3597 novis
644 3540 737 3598 turbs
747 3541 885 3599 cucurrit
896 3541 987 3618 egris.

309 3620 477 3680 Lanuvium
488 3623 595 3680 annosi
606 3627 694 3680 vetus
706 3627 755 3682 est
765 3621 863 3683 tutela
875 3622 1029 3697 draconis,

350 3702 410 3762 Hic
420 3704 474 3761 ubi
485 3709 546 3762 tsm
557 3723 646 3764 rarse
657 3723 719 3763 nou
730 3707 816 3785 perit
825 3707 903 3765 hers
913 3723 1029 3782 morse,
